Member ID (U1),MID,Advertiser Name,Order ID,Transaction Date,Transaction Time,SKU,Sales,# of Items,Total Commission,Process Date,Process Time
"4983949625568",7241,"Wunsch-Tremblay","871718356",10/17/80,"06:06:26","55238",84.98,0,1.225,4/27/70,"03:54:22"
"4262053652210",8543,"Weissnat Ltd","62604951",2/5/90,"10:03:38","7878300",6.72,1,0.997,3/8/00,"07:22:58"
"7193268839604",7388,"Brakus and Sons","226717478",2/14/72,"20:31:58","6085399",89.62,1,2.818,1/7/87,"19:15:22"
"0064224817936",6877,"Stokes and Sons","49186571",5/14/96,"10:29:29","4050676",90.02,1,0.479,3/20/86,"19:21:58"
"2872294263941",9689,"Simonis, Heidenreich and McKenzie","73135204",2/6/75,"00:10:04","4749441",73.24,0,0.408,6/20/11,"16:24:17"
"2070218623792",3107,"Buckridge, Kemmer and Dietrich","841276897",3/17/10,"18:31:11","7874525",41.63,0,2.729,2/16/92,"08:09:20"
"3892203492659",2361,"Morissette Inc","103011127",4/16/90,"06:04:22","7059770",58.28,1,0.172,12/4/89,"22:54:40"
"4285244565705",1281,"Ritchie, Goyette and Cruickshank","496375064",10/7/90,"04:57:54","4977732",71.11,0,1.068,12/3/03,"08:00:25"
"9792243299671",7756,"Upton, Emmerich and Hamill","171245645",6/28/78,"12:02:46","1566434",62.66,0,2.606,8/6/14,"08:36:56"
"8373665282094",8001,"Smitham, Kirlin and Leannon","645486684",10/4/72,"20:54:27","7499152",89.37,0,2.139,10/16/08,"03:55:51"
"8358147212331",9072,"Kuphal, Kovacek and Sawayn","338042614",12/21/75,"16:19:38","6455842",45.28,0,2.355,5/5/03,"01:30:44"
"9001943002268",5763,"Hermann Inc","322311440",7/10/00,"05:33:38","480674",82.79,1,2.959,10/10/80,"02:39:30"
"0741441406235",2650,"Pouros PLC","693226251",10/15/13,"01:10:04","3803486",63.8,1,0.004,2/16/83,"12:17:34"
"6208363009075",1780,"Cartwright Group","28099920",11/26/90,"08:04:04","9385089",40.96,0,2.109,1/28/81,"18:24:05"
"3627670450105",2379,"Koelpin-Stark","692339083",11/23/05,"07:01:30","727900",82.24,0,0.928,6/28/89,"13:37:02"
"5442491255906",727,"Bahringer Ltd","412328776",1/15/72,"22:19:19","1326533",72.3,1,0.182,11/2/79,"18:21:18"
"2521224058285",3336,"Morar Group","492693370",12/23/11,"23:01:12","8953903",43.7,0,1.865,3/13/16,"20:48:27"
"4773431368069",1580,"Turner LLC","90717383",6/2/78,"08:37:45","2758933",74.58,1,2.096,2/3/96,"09:28:33"
"3875162167101",412,"Turcotte, McClure and Kuphal","81520634",11/29/97,"21:25:24","3100780",18.59,1,0.267,6/12/71,"19:58:23"
"4494834124187",9104,"Langworth LLC","710951127",1/20/13,"00:47:14","8601054",55.07,1,0.28,8/6/05,"08:34:47"
"8378557431297",9570,"Torp Ltd","941160552",8/7/12,"04:51:00","990651",30.39,0,0.329,10/6/78,"20:41:32"
"6426695062668",8523,"Langworth Ltd","783415154",8/8/76,"07:29:56","7410593",37.26,1,2.135,3/11/08,"06:57:21"
"0632098876362",7218,"Ebert-Lowe","926797240",7/20/14,"19:25:38","9054940",2.55,0,1.28,11/16/01,"04:35:13"
"1738286288914",8723,"Maggio-Leffler","261932076",3/28/75,"15:17:55","5004950",53.81,0,1.998,8/30/73,"14:17:41"
"6524063203373",7708,"Grimes-Russel","75696073",8/6/01,"01:56:02","2153742",12.02,0,0.009,5/16/93,"18:35:09"
"4593078447143",6543,"O'Reilly, Waelchi and Zieme","681600933",11/2/15,"12:10:24","720140",79.21,1,2.372,8/17/07,"18:44:14"
"8958866672203",3356,"Braun, Grady and Heathcote","894551711",12/22/76,"12:35:04","3695336",84.29,1,1.631,4/24/14,"13:01:41"
"8355920953151",6571,"Hettinger, Turner and Keeling","950187723",2/7/89,"20:13:59","1777427",11.55,1,0.417,8/21/11,"21:46:56"
"3179129052010",2593,"Anderson and Sons","178147457",8/8/88,"11:04:40","1769467",28.52,1,1.619,12/21/72,"14:39:37"
"0552320001534",6484,"Veum, Zemlak and Mohr","37066901",3/30/81,"01:59:22","2856739",96.94,0,2.237,10/16/14,"19:31:19"
"8646468267675",9961,"Mayert Inc","737639357",12/26/00,"14:03:47","1235067",71.98,0,2.963,12/12/84,"10:53:52"
"5204620539697",6489,"Reynolds Ltd","945405712",3/25/92,"22:53:30","364320",11.9,1,0.879,10/13/73,"00:00:56"
"3635844249709",9616,"Bartoletti Group","389537191",4/7/15,"11:44:22","5406425",23.47,1,2.7,2/5/06,"03:31:59"
"3124144298908",2664,"Ward-Kihn","390811386",4/21/91,"22:08:18","7759664",2.55,1,0.016,2/19/07,"23:54:20"
"1835646712531",9767,"Cassin, Kiehn and King","145097019",10/7/06,"12:16:49","4195038",25.83,1,0.281,2/19/13,"05:19:12"
"8917516760569",1679,"Conn, Will and Howell","309730887",5/12/05,"03:26:39","8619357",10.49,0,2.635,11/21/10,"15:49:47"
"1082623977961",4624,"Hessel-Hartmann","420987411",11/4/03,"18:13:57","6121070",11.87,1,2.315,3/13/15,"04:32:34"
"0184069115774",4432,"Wilkinson, Kuhic and Roob","757022391",6/20/85,"06:27:49","9978179",75.03,1,1.853,6/28/90,"09:40:20"
"7868728107933",7613,"Raynor-Gerlach","123106461",11/6/76,"15:01:05","9887939",99.02,0,2.881,12/12/75,"23:54:06"
"0638450734120",5035,"Stracke LLC","865737407",3/17/78,"00:26:34","1942652",57.45,1,0.54,3/16/90,"05:47:55"
"1520864563511",8405,"Kling-Reynolds","543929949",5/22/16,"09:18:54","8706852",92.59,0,2.702,3/8/90,"04:07:13"
"7270671694879",9276,"Walter Group","589643666",8/8/74,"22:22:07","4233125",29.92,0,0.22,2/10/74,"23:48:23"
"8217306897025",6843,"Bahringer, O'Connell and Bogan","657648099",8/11/72,"01:40:55","6048669",30.25,0,0.894,1/31/81,"23:30:48"
"7320569256048",9352,"Quigley-O'Reilly","615052548",11/10/14,"23:51:18","8223368",36.1,1,1.644,1/21/01,"21:40:34"
"8838160235155",2703,"Wuckert, Steuber and Ward","524304990",5/17/93,"02:57:42","9176167",54,0,0.35,2/18/75,"17:32:42"
"9689357987571",5598,"Bartell Group","813261234",11/8/72,"13:53:31","3545049",23.15,0,2.567,4/3/78,"08:03:02"
"8374556863385",9856,"Hyatt and Sons","777640635",3/27/79,"00:34:37","304128",89.1,1,2.953,4/22/99,"15:25:33"
"3900827073624",9361,"McDermott Ltd","895586119",10/11/91,"14:17:46","7215781",44.45,1,2.354,1/22/71,"23:05:45"
"3227701377811",4456,"Stehr, Terry and Bailey","548390793",10/23/72,"07:38:28","6933638",3.53,1,1.477,2/11/02,"22:01:09"
"6036156685974",9693,"Leannon-Wisoky","651427147",12/21/85,"19:40:04","9776123",77.47,1,0.945,4/18/00,"20:44:53"
"8532919399454",8021,"Crooks, Upton and Bailey","558624235",8/13/06,"22:21:25","7584943",62.66,0,2.769,3/9/74,"08:52:05"
"7296906062322",3327,"Douglas, Connelly and Treutel","539388463",2/25/86,"03:37:51","5993602",81.72,1,1.705,9/14/02,"17:57:21"
"3669536770754",2847,"Hyatt-Schuster","346634354",7/14/90,"01:00:28","443166",20.96,0,0.634,1/22/00,"00:10:15"
"6385654974755",4275,"O'Reilly PLC","327185661",8/15/13,"00:02:58","9198744",59.43,0,0.654,6/5/99,"18:51:06"
"6459424161698",7392,"Bartell Group","176584859",1/20/94,"08:21:21","3706119",50.91,0,2.113,4/24/85,"00:50:01"
"9405636611572",7338,"Emmerich, Ratke and Cormier","478762845",5/9/70,"03:11:56","730048",13.46,1,1.686,7/1/05,"00:36:59"
"0747400868764",7942,"Aufderhar, Pagac and Rowe","54394568",2/24/03,"02:55:14","9804303",30.4,0,0.931,1/10/79,"09:53:07"
"1361553839130",1842,"Schinner Inc","236631092",7/9/09,"22:18:29","1845774",97.77,1,2.322,9/14/12,"18:17:33"
"9379997249421",1615,"Sporer, Harris and Williamson","49145717",8/10/86,"18:32:53","710747",64.19,0,2.551,6/18/73,"23:32:16"
"1292007605105",2896,"Jast LLC","564692069",5/1/10,"19:38:26","7309556",6.02,1,2.935,3/26/02,"13:24:48"
"8461967365881",6388,"Wintheiser-Cartwright","247755155",7/15/79,"06:45:44","6442778",77.33,1,2.873,6/16/74,"00:40:47"
"0949829359411",6629,"Weber-Farrell","196340900",12/31/76,"08:58:37","5571501",77.4,0,2.549,12/31/74,"10:48:35"
"4998902348859",9727,"Welch PLC","617276254",10/31/74,"19:59:23","7923655",56.79,1,2.084,2/19/98,"08:43:39"
"1603266282361",3873,"Wunsch, Nolan and Abbott","572890702",3/15/06,"15:39:49","203209",13.69,0,0.597,6/11/92,"08:23:38"
"8948393441322",5954,"Orn-Huels","48524961",6/25/70,"10:44:26","9364655",18.68,0,1.88,2/24/84,"13:30:48"
"7985443534869",3086,"Blick and Sons","568824602",4/25/86,"20:44:44","3965102",46.61,0,1.583,3/5/99,"12:14:22"
"0913372801718",8595,"Reichert, Lindgren and O'Connell","311581319",3/11/05,"06:08:55","8616272",15.85,1,2.711,4/21/93,"12:48:13"
"9775147000996",8615,"Donnelly PLC","167258019",4/1/72,"08:25:21","2212098",68.52,1,2.683,4/5/81,"09:16:56"
"1848978547438",5205,"Balistreri-Feil","292390831",1/19/12,"14:19:52","8520008",17.86,1,0.131,4/8/86,"08:57:48"
"3839455632463",6354,"Pacocha Ltd","370718332",6/15/09,"23:15:19","9211226",66.11,0,0.311,6/4/84,"01:38:37"
"5150730239398",3449,"Simonis-Gutkowski","761815741",9/22/16,"13:01:03","6793881",87.86,0,1.469,3/21/10,"05:57:53"
"5390342171327",6111,"Mraz PLC","46842329",9/20/97,"23:12:01","5168719",85.59,1,1.763,10/11/73,"02:06:28"
"5026160060406",1980,"Hauck, West and Rau","377467479",12/23/05,"17:02:02","8853742",73.39,0,2.372,1/30/81,"01:29:22"
"7487715969344",7739,"Simonis-Hermann","952988625",4/24/86,"13:40:36","2228913",21.61,0,0.88,5/1/81,"12:58:49"
"0056906328656",8889,"Mayert LLC","827163127",11/15/93,"03:24:08","2300080",81.23,1,0.839,2/7/93,"12:12:08"
"9568811158811",4307,"Bernhard, Heaney and Swaniawski","483550379",3/5/89,"19:50:43","2153774",8.63,1,1.719,10/5/13,"07:15:43"
"5111210889705",9020,"Hilll-Wunsch","79450878",5/26/97,"22:57:19","9023087",22.75,0,0.705,9/1/93,"10:47:05"
"0074972609260",4745,"Marquardt-Prohaska","543381839",2/12/92,"01:16:50","3902630",32.1,1,2.689,6/5/80,"07:18:20"
"6769415129032",9864,"Kiehn, Farrell and Rice","324004996",6/12/10,"21:14:32","6468179",2.29,1,0.527,11/4/93,"13:11:32"
"4119017273004",5861,"Bechtelar-Rodriguez","742726305",8/9/12,"03:31:27","8338078",60.03,0,0.217,7/4/76,"11:30:44"
"1397579012540",5950,"Walsh Inc","569402326",11/14/02,"01:24:26","4073785",91.82,1,1.144,10/9/88,"03:16:50"
"8179015418410",7810,"Raynor and Sons","543394666",4/6/15,"11:01:54","1209655",13.63,0,2.693,8/9/85,"05:53:53"
"9499797605055",8578,"Lockman Inc","456653952",7/27/03,"01:38:43","6941775",46.97,1,0.094,10/4/83,"14:32:47"
"3409564631422",3181,"O'Hara-Torp","703853887",5/11/95,"15:27:41","6163321",78.05,1,2.596,3/13/89,"13:53:31"
"1332592270895",2830,"Walsh Inc","338878308",6/17/79,"04:36:34","4848480",45.09,1,2.141,2/26/76,"07:49:35"
"8407834624305",4047,"Raynor-Boyle","82596711",12/9/75,"21:52:16","1149521",23.97,0,2.213,12/4/15,"21:03:04"
"0342606308316",6719,"Dickens PLC","872783951",8/11/07,"20:57:34","3667567",52.91,0,0.951,9/10/94,"00:23:25"
"9214221109889",3112,"Miller Inc","388490552",11/6/07,"10:04:05","9327035",5.42,0,2.479,10/23/79,"05:51:17"
"3974225602478",3181,"Reynolds, Brekke and Mertz","319949955",6/30/13,"10:20:13","1199483",60.23,1,2.887,7/31/10,"14:18:50"
"9813338440855",7425,"Fisher-Roberts","611861990",8/22/95,"13:33:45","6068244",70.97,0,1.138,1/11/99,"16:29:09"
"0212463566618",887,"Bosco-Schultz","12268504",11/26/87,"14:50:15","5461629",79.65,1,2.924,3/10/76,"08:04:13"
"4425966914864",187,"Hirthe PLC","933782925",1/16/76,"19:45:02","81113",34.78,0,2.737,2/22/15,"05:45:26"
"4626635902556",5014,"Feest, Mitchell and Mosciski","447122933",12/12/73,"06:38:28","1874520",2.69,1,0.615,1/24/77,"16:42:53"
"0072352698744",192,"Adams and Sons","854592889",6/28/70,"22:26:02","8781684",38.28,0,1.131,6/22/93,"19:43:25"
"8816509186460",6074,"Mraz-Cormier","2215343",2/5/01,"12:03:57","9197067",99.13,1,2.917,3/12/79,"16:09:26"
"2683013307745",8748,"Maggio-Wyman","317436585",5/30/86,"09:48:51","2220301",98.74,1,0.024,4/16/86,"08:05:12"
"4456945665847",5162,"O'Reilly, Robel and Altenwerth","512404566",7/18/11,"18:27:19","8601763",86.1,1,0.493,9/20/05,"00:16:08"
"9404080471222",3514,"Welch-Schmidt","423659472",7/21/00,"18:07:31","7518094",95.51,1,0.469,7/16/11,"12:10:51"
"3530009569729",3846,"Nikolaus-Reichel","623917853",6/30/10,"08:27:12","6182149",37.47,1,0.79,4/21/78,"09:10:56"
"5834730387954",2041,"Mertz Ltd","189118607",8/6/97,"16:08:28","4333622",35.69,1,0.832,6/28/82,"09:06:31"
"2459160722748",2396,"Greenholt, Cole and Effertz","729795032",8/28/91,"13:51:16","1878340",87.42,0,0.804,6/29/08,"21:24:23"
"1492366606543",6030,"Hermiston Ltd","545871870",11/10/87,"22:06:03","7173921",85.75,0,2.975,5/21/00,"15:12:38"
"5656604114430",756,"Conn, Reinger and Abbott","707814581",2/8/12,"20:47:59","3801161",36.79,1,0.661,2/7/79,"11:05:23"
"4488850189621",6129,"McClure Ltd","294946230",10/26/13,"01:59:43","1487803",27.9,0,0.331,4/19/99,"04:05:50"
"7633130494135",8679,"Bartoletti Ltd","566034746",11/6/15,"22:47:38","6115230",34.02,0,0.851,1/7/99,"04:54:47"
"1992234106813",2880,"Oberbrunner-Hintz","273324556",5/21/13,"03:11:45","7859384",29.16,0,1.095,5/18/07,"15:18:33"
"7078056034257",3591,"Hansen-Bernier","949658635",6/29/80,"14:53:56","1160352",18.46,0,0.858,6/22/15,"18:35:04"
"7270475511735",8907,"Stanton LLC","579693168",4/25/08,"05:12:50","221068",92.16,0,2.706,9/10/05,"16:35:11"
"7947529202171",4922,"Cummings-Zemlak","804688744",8/5/01,"18:35:45","3139504",34.31,0,1.195,3/30/15,"18:26:35"
"3641908627625",3894,"Mosciski-Ryan","730605232",9/23/87,"17:08:07","1197480",40.8,0,0.996,1/11/96,"02:24:16"
"0897957147694",7425,"Will, Kerluke and Kozey","524507302",4/17/72,"02:46:32","9481718",68.54,1,1.814,3/1/00,"14:42:19"
"2461725240504",6866,"Kling Inc","236433646",8/29/97,"02:45:36","6749978",8.92,0,1.82,11/6/82,"07:57:34"
"8879880426347",2030,"Cartwright-Green","281571221",7/12/06,"06:13:00","1687166",24.79,1,2.757,10/2/89,"11:14:03"
"3883359199202",6270,"Bins Ltd","446910895",3/21/73,"15:02:41","6399941",12.3,1,2.255,4/14/12,"14:51:21"
"3904598700657",5246,"Huels-Russel","668802937",8/14/89,"18:57:20","8024933",90.76,0,1.965,3/28/03,"19:53:22"
"6238477697074",3655,"Rodriguez-Huel","225544778",1/30/12,"23:32:44","4322296",17.72,1,0.108,6/8/11,"01:56:36"
"5383660199139",7478,"Schinner, Wuckert and Bradtke","338865336",10/29/00,"05:28:22","7701568",34.92,1,2.557,8/31/08,"12:41:03"
"2888819111887",6651,"Paucek Inc","271797119",3/26/98,"02:01:27","259562",83.53,0,0.865,8/10/73,"02:33:57"
"0968592934496",1055,"Hegmann Group","926388748",7/22/09,"06:55:50","6842601",65.07,0,1.268,4/17/91,"08:02:00"
"6001961718819",4438,"Cruickshank, Boyer and Schimmel","465124323",5/15/06,"14:46:05","7555837",46.65,0,1.638,2/24/01,"21:25:07"
"6584836935844",7485,"Harvey PLC","593013801",11/17/70,"14:04:05","1576091",48.56,0,1.668,8/30/71,"00:19:30"
"3217463166624",4341,"Hoppe, Kunze and Wintheiser","381101647",9/17/02,"17:54:13","9369798",4.48,1,1.729,1/28/72,"22:36:37"
"2505364930888",2705,"Mraz LLC","821738365",10/21/73,"23:54:46","2294708",67.36,1,0.986,12/19/92,"00:12:53"
"2510234609270",3535,"Hoppe Group","349545628",2/1/10,"06:55:52","1732225",8.68,1,2.687,4/16/01,"13:10:16"
"9874905672937",2381,"Kuphal and Sons","386086261",10/13/94,"01:56:22","9317666",53.8,0,1.56,12/26/92,"00:41:57"
"5531085186367",60,"Fay Ltd","485009266",8/29/01,"16:11:08","5072611",29.4,0,2.626,3/16/94,"20:47:20"
"5305121718703",1632,"Schuppe-Kutch","374947451",9/25/16,"00:51:48","5240293",9.46,0,0.35,11/28/71,"19:19:17"
"0217016449836",9915,"Pagac, Beer and Bednar","876268514",1/22/80,"04:57:28","9606007",81.52,0,0.517,2/26/70,"22:04:51"
"6768163882692",3739,"Wintheiser-Dickens","694124513",8/12/94,"00:57:49","1538114",99.88,1,0.827,2/10/87,"14:06:40"
"6936090941027",7970,"Boyer, Hoeger and Bergstrom","149424654",11/10/92,"17:42:12","3361811",70.59,1,1.64,3/1/78,"10:31:02"
"3040248672999",1328,"Wunsch PLC","601936325",6/13/81,"18:16:54","4172900",90.5,1,1.197,10/30/86,"11:21:18"
"3839358201473",9582,"Strosin Ltd","236875331",7/5/82,"20:27:21","7196340",63.3,0,2.636,4/21/76,"02:36:57"
"1747820406130",9021,"Herman, Cummerata and Flatley","390306854",8/14/11,"00:46:08","1339945",13.84,0,1.209,12/26/87,"10:56:31"
"1675600778677",4899,"Kassulke Group","768548952",7/24/06,"19:35:32","3254736",41.24,0,1.834,4/29/70,"11:14:55"
"0083312096750",2001,"Heathcote-Heathcote","732738393",10/8/13,"08:22:41","724686",58.51,0,0.606,1/28/72,"13:38:26"
"8193921403682",8383,"Schimmel and Sons","903926162",4/18/00,"01:14:17","1256607",61.6,0,2.182,12/7/74,"13:54:15"
"3724496765452",165,"Abbott Inc","615688974",3/14/07,"14:35:35","4023895",54.97,1,0.327,4/28/16,"12:39:08"
"6955542691473",2413,"Douglas, Morissette and Corwin","486103683",3/31/00,"06:50:48","9477047",25.98,0,2.15,4/27/09,"12:58:51"
"9463120696325",7610,"Schmitt PLC","83521263",2/4/78,"12:19:49","3059940",68.1,1,2.216,12/5/12,"21:19:50"
"8469771791971",5934,"Graham Group","899197643",11/3/80,"21:40:12","610361",93.13,1,1.739,7/23/07,"17:42:39"
"0978731429489",4856,"Gislason-Muller","358326935",8/12/82,"18:52:20","2366465",18.71,1,0.552,8/15/71,"13:52:38"
"1730285866798",9996,"Carroll-Stracke","843352309",5/28/90,"23:55:03","880745",40.16,1,2.55,5/23/91,"15:57:35"
"4556801940823",8771,"Roberts-Blick","104360473",3/21/91,"18:47:47","7005758",98.14,0,2.582,9/6/05,"02:09:01"
"5234558703103",8305,"Oberbrunner Group","412455999",1/18/79,"10:16:15","1695967",82.9,0,0.142,7/23/80,"21:01:19"
"9409253705549",4919,"Waters and Sons","46863683",8/19/12,"06:45:24","143413",38.12,1,1.98,3/8/93,"00:53:56"
"8095528636774",2693,"Ryan Inc","900676765",4/8/05,"15:08:24","268191",74.43,0,1.372,3/30/11,"17:52:46"
"0358035629424",1170,"Batz, Kessler and Robel","503678943",3/7/85,"04:07:39","3374750",85.27,0,2.269,6/30/84,"16:38:41"
"3066144520135",3054,"Bartell Group","166869915",3/23/87,"14:32:59","1039015",7.73,0,2.709,2/11/16,"22:20:50"
"5183837630636",3618,"Hegmann, Littel and Toy","896854823",5/8/03,"10:42:53","6743771",31.05,0,0.266,11/4/79,"12:39:42"
"3619856563556",4726,"Bruen, Graham and Walsh","231545249",12/8/87,"17:53:32","7650085",48.65,0,1.166,8/16/82,"19:57:26"
"2521033618107",9946,"Halvorson-Lemke","220993046",12/30/95,"18:55:26","6820291",45.87,1,1.719,2/10/87,"19:27:18"
"4054781724603",7159,"Zieme, Strosin and Bergnaum","806664218",8/9/12,"11:08:55","8795237",82.45,1,2.796,8/17/84,"14:26:50"
"1315605484246",8973,"Tillman-Harber","278120336",3/21/74,"16:33:43","9456931",73.75,0,0.068,9/28/86,"11:26:56"
"0585420051655",3917,"Boehm Inc","962789430",9/23/94,"09:47:49","1934558",2.17,1,1.582,9/19/07,"10:31:31"
"8052123359950",9184,"Reichel, Swaniawski and Huels","307003978",1/2/86,"10:46:55","9575484",15.86,1,0.956,1/27/76,"14:30:54"
"8034110432276",9716,"Graham-King","246085247",9/23/73,"22:55:12","5747438",91.8,1,2.75,9/10/86,"13:27:19"
"2213310753329",571,"Donnelly, Sanford and Collier","388888185",10/25/15,"14:21:51","338019",63.82,1,1.678,11/21/00,"02:13:51"
"8534385908731",7250,"Mueller, Corwin and Schmidt","477297453",9/14/77,"08:36:19","6763663",5.65,1,0.669,5/1/96,"21:01:06"
"9479550806044",6969,"Marks, Swift and Durgan","848173865",5/28/93,"21:36:34","9137889",78.66,0,0.01,1/21/82,"04:18:15"
"8071116378838",2861,"Daniel PLC","60777457",9/5/10,"23:01:22","5238786",80.56,0,2.396,2/7/02,"02:38:29"
"4294083187072",6523,"Fisher, West and Stanton","385433724",11/28/98,"10:32:11","8184417",19.21,1,1.632,4/28/02,"21:02:30"
"1824144774096",6694,"Rath PLC","448246148",3/27/77,"05:16:15","4240587",72.72,1,2.69,1/2/97,"14:16:02"
"0235058473352",8541,"Adams and Sons","712875835",12/19/82,"07:35:20","6798880",13.27,1,2.666,11/8/81,"19:19:13"
"5056303895958",5355,"Upton Ltd","318143809",2/22/89,"11:04:40","4693924",4.29,1,0.831,11/16/85,"18:29:09"
"6718974679030",8156,"Kozey Group","31024957",3/22/03,"14:22:24","2337935",3.09,1,1.964,4/3/08,"09:44:56"
"0153915924286",3570,"Kuphal, Bradtke and Zulauf","100439873",3/31/70,"04:59:28","8513740",34.17,0,0.205,3/14/11,"12:34:55"
"8492816946302",4917,"Sauer-Dietrich","4231785",2/12/14,"01:24:52","8179087",51.52,1,2.96,11/14/74,"12:25:44"
"9268230720715",4665,"Schowalter, Metz and Heathcote","874170094",10/9/93,"01:30:55","5637560",73.36,1,2.899,5/29/97,"19:56:44"
"1161138655896",1926,"Durgan, Rogahn and Hackett","758682569",10/7/90,"14:59:07","6989144",48.77,1,0.99,12/23/13,"18:24:24"
"4028106839574",7457,"Becker, Blick and Dietrich","155438666",8/25/10,"08:52:15","9424156",41.03,1,1.323,4/30/79,"20:48:54"
"2353347738038",7052,"Lueilwitz-Ritchie","939011341",11/8/04,"17:04:29","9008603",15.91,0,1.656,8/9/70,"14:35:41"
"6554316582625",3158,"Greenholt, Gislason and Leffler","194057194",9/19/88,"00:27:12","7380732",38.96,0,1.374,7/31/74,"18:16:58"
"3283331715569",6231,"Bins-Spinka","567214197",4/2/96,"05:27:13","987306",42.06,1,0.635,3/7/73,"15:32:21"
"3609099051971",9978,"Kuphal, Bogisich and Mante","597713432",4/15/74,"06:31:24","5019033",1.08,1,1.961,4/25/87,"22:11:52"
"7088967581901",2572,"Predovic Inc","948567129",4/26/89,"09:59:25","9507790",21.62,0,0.078,6/2/84,"03:52:08"
"2108108225293",5278,"Harber Ltd","213243769",3/4/14,"06:23:33","4813882",20.47,1,1.696,12/9/05,"22:38:06"
"3883824863551",2580,"Schneider-Dach","919574594",9/9/96,"19:10:11","5172845",91.51,0,0.357,3/24/93,"09:25:50"
"0333035444532",9622,"Kuphal-Schuster","173163104",9/17/86,"12:34:54","4004303",85.6,1,2.538,1/14/70,"16:36:07"
"0441539164304",9280,"Smitham, Rodriguez and Beer","278680219",8/30/90,"15:03:16","5559269",15.55,1,2.662,1/20/12,"12:30:52"
"2789004019442",1661,"Kuphal-Gerhold","186706690",8/22/73,"11:34:37","5544350",7.58,0,0.3,2/6/03,"20:12:25"
"1329062028398",4755,"Blanda, Hauck and Konopelski","660596994",8/24/74,"19:05:17","3689356",59.55,0,0.484,3/25/88,"01:17:46"
"6591905356343",5645,"Hane Inc","130307420",9/18/85,"21:52:16","2485762",63.42,0,0.337,12/26/02,"01:14:07"
"0668833521356",9905,"Roberts-Metz","147915797",10/26/82,"11:58:07","5857108",48.94,1,1.131,7/19/09,"23:06:51"
"5771692160941",9636,"Dach, Schoen and Ritchie","716797032",7/29/76,"18:05:51","2449923",87.48,0,1.17,11/26/89,"22:36:33"
"3635319787040",3966,"Feil, Eichmann and Bins","689713173",8/6/10,"16:21:50","5569833",87,0,2.138,1/9/83,"12:00:52"
"6662241294026",8814,"Reynolds-Hermiston","897333427",12/30/00,"13:41:02","2754430",97.76,1,0.53,9/1/81,"14:36:34"
"9671671244886",4122,"Schmidt Inc","989512865",11/10/76,"14:22:43","9950379",10.66,0,1.841,1/1/93,"12:51:23"
"8075761689175",2343,"Williamson Inc","981662613",4/2/97,"19:45:28","4145425",55.83,1,2.542,7/19/70,"13:45:39"
"3978939274284",6,"Hilll LLC","842053025",2/8/06,"02:22:38","9530102",47.03,1,1.185,3/30/14,"06:47:11"
"4319844482850",4868,"Grant LLC","1101768",10/30/84,"19:33:51","8210984",62.76,0,2.857,5/10/91,"21:42:57"
"7199925168963",3048,"Walsh, Eichmann and Fritsch","622981484",7/11/81,"21:21:16","3598918",11.01,1,1.437,2/11/70,"11:09:37"
"9791413872616",3735,"Douglas LLC","882842289",4/15/75,"21:00:24","5075158",45.36,1,2.54,7/30/13,"23:47:04"
"1458791342007",4631,"Glover PLC","764541661",8/5/77,"16:29:25","3249800",96.71,1,0.612,3/16/14,"22:36:16"
"3695928468667",281,"Hettinger, Kerluke and VonRueden","587162358",3/1/77,"06:23:38","8141672",23.61,0,0.734,11/10/80,"16:12:36"
"2198266646405",9631,"Mante-Jones","629385323",9/21/04,"16:05:20","6286111",31.09,1,0.154,9/4/73,"00:49:25"
"2343949278142",3961,"Renner LLC","835725090",4/5/98,"18:10:06","7549782",81.4,0,2.218,6/13/98,"20:32:21"
"1702849827959",485,"Wisozk, Prohaska and Osinski","514485540",6/30/93,"08:52:58","3428279",51.2,0,0.922,10/9/88,"16:59:07"
"9402362786071",2223,"Hessel Group","261568014",11/21/91,"13:13:53","8329684",43.22,1,2.666,9/20/74,"03:50:00"
"4589212570480",508,"Kozey-Keebler","865619868",12/17/02,"01:04:07","7615570",39.44,1,1.061,6/1/80,"07:08:05"
"5681417954270",5523,"Ullrich, Kuhn and Bartoletti","334625445",4/25/91,"21:19:20","5915521",25.97,0,0.229,4/25/06,"21:41:10"
"2354112720567",9296,"Hermiston, Leannon and Casper","340362336",11/2/82,"09:58:39","5968352",5.26,0,0.128,12/13/71,"09:16:45"
"2625736578928",4890,"Watsica Inc","371928947",1/8/07,"20:47:28","6300109",92.45,0,2.094,9/1/07,"16:41:25"
"7128782420526",1556,"Gaylord-Farrell","806137849",10/18/10,"02:38:43","918153",46.12,1,2.213,4/27/05,"08:08:02"
"3062330431177",3659,"McLaughlin-Marquardt","644937650",2/15/99,"01:08:43","5661063",20.11,0,0.028,7/19/84,"15:06:10"
"3481527054877",3719,"Gerhold LLC","854683127",6/23/91,"23:43:37","1925760",9.39,0,0.016,8/28/79,"16:59:16"
"1834295129000",789,"Daugherty, Satterfield and Wilkinson","38056102",8/18/88,"22:50:06","1368388",20.19,1,2.003,12/13/76,"20:44:12"
"0423863938541",4056,"Becker and Sons","775811688",11/22/87,"07:20:09","330505",68.25,0,2.527,10/16/78,"14:01:44"
"9865981335876",5359,"Torp Inc","537726880",8/24/86,"11:51:19","6096441",81.99,0,0.803,6/30/96,"06:42:04"
"2705796605154",8935,"Kling Ltd","535714377",8/16/97,"19:29:02","9295456",75.19,1,2.415,5/14/99,"16:54:09"
"2232108478310",6390,"Hahn, Aufderhar and Ratke","50976279",9/13/02,"05:10:57","7559290",70.51,0,2.726,3/5/70,"23:14:51"
"0626313251565",1423,"Kohler, Schneider and Franecki","931816489",3/31/04,"00:14:57","9390078",85.51,1,1.571,11/16/92,"07:15:43"
"1209746361555",4816,"Bins, Kunze and Wilkinson","213292246",11/6/08,"07:02:35","9485163",81.98,0,2.431,3/31/91,"16:36:17"
"9343431552363",2603,"Feeney Inc","927429474",8/16/06,"13:00:41","450625",91.66,1,0.355,4/19/08,"11:18:39"
"5346154545016",7523,"Connelly, Reynolds and Parisian","622653011",10/27/03,"21:17:27","8312819",11.13,0,2.371,1/13/72,"10:24:35"
"0851878941557",7553,"Hirthe Inc","554952844",11/26/03,"20:27:57","2402648",15.08,1,0.504,9/8/11,"04:37:58"
"3070705754845",1534,"King, Gutmann and Bernhard","769591502",9/26/84,"02:02:49","1944931",38.85,0,1.477,11/13/05,"05:05:33"
"4545438486888",84,"Abbott and Sons","605608726",1/24/15,"09:11:43","3253967",1.14,0,0.692,11/23/72,"21:33:01"
"4088775240016",6969,"Bartell-Bernhard","371121959",4/30/78,"07:54:59","2838362",47.88,0,1.519,12/31/79,"04:41:33"
"4404415428506",9359,"Corkery-Volkman","101580380",11/19/08,"12:46:13","5837620",57.05,0,1.263,3/28/87,"18:22:58"
"7938756973386",7515,"Roberts Inc","412763555",6/18/82,"11:53:50","2011999",76.35,0,1.596,7/2/75,"20:08:38"
"6150831273469",735,"Greenholt and Sons","405601423",5/27/80,"20:57:58","6231832",63.47,1,0.258,7/28/79,"01:06:41"
"9119075198042",617,"Boehm LLC","200931124",5/5/71,"11:34:34","8936257",30.47,0,1.603,3/19/88,"16:03:01"
"7430332029471",5667,"Harris-Heathcote","648209158",3/1/07,"08:50:56","9998869",5.57,0,1.314,3/29/76,"03:36:42"
"5196096368700",7979,"Rippin-Schmidt","129048270",8/23/88,"19:53:14","9193184",92.77,1,1.056,10/7/93,"06:09:39"
"9497833692762",209,"Pacocha and Sons","282670085",10/18/75,"04:05:50","7030443",17.28,1,0.084,12/7/72,"14:50:11"
"5939644473181",9008,"Breitenberg and Sons","291587539",8/28/02,"16:42:12","5877529",88.63,0,0.818,10/24/11,"07:21:11"
"9579205492336",9692,"Langosh, Predovic and Flatley","83721270",12/13/78,"04:12:18","3148167",58.4,1,0.67,8/10/09,"12:39:06"
"8680108409286",2814,"Yost Ltd","43097169",10/8/98,"16:24:50","4773265",74.32,1,2.506,4/30/70,"07:28:27"
"7073705680670",113,"Gleichner-Spencer","268132592",7/11/72,"19:29:12","9176705",60.17,1,1.078,1/14/08,"21:28:55"
"5029760166074",7545,"McClure, Senger and Upton","649442843",7/11/76,"04:02:24","6956561",11.91,1,2.016,11/13/98,"17:58:17"
"3354013665647",4390,"Kuhlman LLC","77720304",10/12/70,"06:39:12","4188037",2.01,1,2.476,3/5/04,"02:37:23"
"5335336459487",5307,"Mosciski-Kihn","467728728",8/8/06,"12:34:02","4312117",73.16,0,2.984,7/25/02,"19:32:58"
"0669120067478",5071,"Hintz LLC","393849764",11/22/11,"21:37:37","1596300",38.2,1,0.644,5/22/71,"05:39:48"
"6038379743160",8051,"Leffler-Deckow","696159414",4/16/76,"14:09:18","9026421",20.49,0,0.345,9/29/11,"04:36:44"
"6069925344297",9196,"Bechtelar-Medhurst","707209430",6/2/96,"15:44:20","8913571",47.09,1,1.262,1/1/71,"23:04:35"
"1132077965056",9258,"Hilpert, Lynch and Bayer","597147335",5/15/77,"08:48:17","4381232",98.18,1,1.866,6/20/76,"15:52:53"
"1277686825232",6501,"McDermott-Streich","757905941",7/27/78,"01:22:48","1563837",30.62,0,0.339,11/8/77,"14:05:08"
"6786650731480",2002,"Dooley Inc","224142682",3/15/03,"17:41:53","7032648",32.85,0,0.457,9/8/16,"09:59:41"
"8713518366704",9915,"Jakubowski, Boyle and Purdy","571423267",6/13/01,"23:47:39","7363231",34.2,0,2.689,9/19/93,"07:34:22"
"4945258168170",7446,"Hand Group","992152087",8/13/71,"09:55:53","7577166",41.3,1,1.244,7/22/92,"23:46:51"
"9921598558289",8294,"Collier, Emard and Zboncak","886986275",7/25/73,"14:33:34","9696390",33.58,1,2.725,6/30/77,"21:59:52"
"6336375372425",5835,"Ebert, Lebsack and Walter","122176504",12/24/70,"13:49:41","8701241",43.53,0,2.851,4/11/93,"00:19:36"
"1782267873350",5395,"Robel-McGlynn","695316167",7/22/05,"02:13:22","1167940",4.38,0,0.57,9/30/80,"07:31:56"
"9931704548283",36,"Price-Osinski","512314200",1/25/75,"17:15:02","6612311",40.93,1,1.749,6/6/94,"20:10:23"
"8964806407965",1543,"Lang PLC","379188747",11/10/74,"09:22:54","7041332",49.76,0,0.992,6/9/87,"01:09:01"
"5889763239801",4584,"White Inc","191142546",7/23/79,"12:18:37","9043041",48.94,0,2.952,10/19/90,"21:13:50"
"2336180974424",9461,"Gerhold, Bergstrom and Hand","327187265",12/30/87,"15:17:19","2376558",30.6,1,2.461,1/23/81,"07:32:50"
"4507442726960",451,"Zboncak, Satterfield and Nikolaus","882562243",12/29/70,"02:47:24","1977518",30.34,1,0.754,12/9/85,"10:23:50"
"3830727919378",8975,"Labadie, Langworth and Kunde","971218136",7/22/15,"06:19:11","9256483",60.1,1,0.357,11/27/89,"23:49:43"
"8672464404274",1895,"Rutherford PLC","717935850",7/3/71,"09:46:30","2584361",95.14,1,1.144,7/16/75,"01:02:42"
"0593424866972",4356,"Davis, Lynch and Witting","871432837",7/27/09,"01:05:12","1188189",31.96,0,1.832,2/27/77,"22:45:00"
"2862874073923",2462,"Wyman, Langworth and Murray","158228971",12/9/89,"22:24:55","7209591",9.24,0,0.589,7/12/83,"20:19:22"
"3392063489597",7756,"Ullrich, Gottlieb and VonRueden","773560733",4/11/83,"18:00:08","1919040",52.51,0,1.487,9/24/00,"01:07:28"
"0216148558740",8447,"Volkman, Beahan and Gleason","689474657",12/6/76,"20:49:06","7573963",47.04,1,2.542,9/3/82,"14:47:53"
"3255502426643",6122,"Weber, Hartmann and Greenfelder","337589969",11/13/08,"14:58:38","2700602",73.28,1,0.616,12/11/80,"12:03:14"
"1978335539541",5357,"Hartmann and Sons","710744902",1/17/94,"08:00:40","9998855",44.22,0,1.627,11/21/04,"21:17:59"
"3672238291100",9326,"Romaguera, Conroy and Kertzmann","712301556",8/6/98,"19:55:55","2519370",62.06,0,1.926,2/15/76,"08:12:49"
"2465245612638",8456,"Fritsch, Mueller and Lind","147947698",7/27/01,"22:35:17","8230237",40.78,0,1.732,7/1/12,"18:50:12"
"1649901545739",9953,"Hammes-Schinner","512614594",6/8/82,"00:10:12","730861",75.03,0,0.522,9/15/91,"23:21:39"
"6920592858709",4062,"Tremblay, Gleason and Crona","991984207",12/5/78,"21:22:52","9047254",68.17,1,0.156,2/11/90,"08:12:56"
"8363609944504",850,"Lubowitz-Willms","783892259",11/1/95,"19:52:38","5083669",7.85,1,1.52,6/3/12,"01:46:44"
"2951018425849",4773,"Kilback-Deckow","152094063",2/28/01,"07:39:20","9457391",94.66,1,2.947,7/8/97,"00:04:07"
"5988018242975",6491,"Waelchi Inc","975639141",8/31/86,"19:32:43","2563938",95.61,1,0.799,9/2/88,"17:09:40"
"7543723426182",6397,"Hyatt, Ryan and Walker","15818526",7/13/13,"05:06:45","9354801",82.16,0,1.975,6/1/86,"20:27:11"
"9675529159708",1123,"Schuppe-Hirthe","640382813",7/9/07,"19:57:35","6210002",77.98,1,0.323,7/24/77,"14:25:03"
"0553820634629",1262,"Turner, Spinka and Rohan","968617033",2/9/71,"18:07:38","1080615",3.78,0,2,12/9/90,"14:14:25"
"2695693057829",4872,"Hirthe Ltd","481414105",4/30/91,"14:39:22","9625856",80.63,1,2.949,12/23/98,"18:51:33"
"5703553460701",372,"Rogahn-Stoltenberg","548360897",6/28/79,"11:11:08","1636940",11.98,0,1.146,12/13/81,"22:41:14"
"8607466493736",1561,"Fadel-Simonis","932210429",2/28/15,"12:57:52","7145844",68.08,0,1.254,6/27/93,"18:29:10"
"8405510416506",614,"Collier Ltd","732213780",11/28/70,"22:04:54","1738752",12.79,0,2.146,11/15/03,"16:07:37"
"1772623471651",7645,"Crooks, Moen and Sporer","563533763",10/2/92,"01:39:23","2863763",25.67,0,2.912,11/8/78,"10:44:53"
"9510422580281",3994,"Monahan PLC","362109774",11/6/98,"11:16:28","1425657",56.84,1,2.458,6/4/98,"22:54:15"
"5676879510641",9613,"Cartwright-Kub","620503295",4/19/75,"02:31:07","7889509",71.71,0,0.167,3/14/91,"17:12:34"
"3229897329542",8971,"Wunsch-Stoltenberg","461167485",1/25/05,"02:52:34","8235428",58.94,0,2.775,10/2/81,"21:20:06"
"3002107682790",2148,"Conn, Kunze and Homenick","707273525",5/8/75,"11:05:35","6755922",41.29,1,0.297,5/24/94,"08:27:07"
"3132844526153",8246,"Dickinson-Sawayn","703752251",6/15/86,"10:12:07","8843962",84.87,1,0.199,8/25/02,"23:36:57"
"3675536809553",650,"Will, Larkin and Wunsch","295601524",10/31/10,"16:24:19","1010035",35.74,0,2.35,2/11/80,"19:07:39"
"3078751022165",632,"Collins-Mann","421642310",5/10/95,"03:06:11","674253",51.17,0,1.131,4/6/80,"22:32:24"
"4080332781532",9840,"Robel-Mueller","460796536",10/17/10,"04:06:20","3298860",84.7,0,2.269,5/7/86,"10:38:50"
"3300277205843",5859,"Wiza, Lakin and Koelpin","876226512",9/25/73,"03:41:12","9557583",58.53,0,1.175,5/25/86,"15:33:33"
"2636039430082",3544,"Schmeler LLC","965606482",12/6/10,"11:15:23","7047236",13.73,0,1.571,1/4/74,"08:26:22"
"6372504639848",3720,"Farrell, Renner and Okuneva","926380277",5/3/09,"01:31:34","5191664",61.65,0,2.141,1/25/83,"22:50:47"
"1115674287225",4070,"Fritsch, Trantow and Miller","635369984",9/10/14,"06:02:39","4036898",74.18,1,2.209,5/11/09,"11:17:46"
"7352557782943",865,"Effertz-McGlynn","332115465",9/16/08,"11:59:37","9818698",39.75,1,2.417,1/23/10,"21:13:52"
"9311803278059",7521,"Rath and Sons","556087918",8/9/74,"09:59:16","8981490",97.2,1,0.613,10/2/93,"22:46:32"
"1815652797573",7067,"Schowalter-Schmitt","240485876",10/10/75,"23:20:42","3016756",44.57,0,2.946,2/11/96,"11:26:21"
"5530116271754",8286,"Abshire, Bartell and Baumbach","256406233",2/4/07,"10:51:11","3086143",62.06,0,0.649,10/12/77,"10:04:19"
"8472433065292",3912,"Jacobs, Mohr and Kuhic","569284015",5/29/07,"23:35:10","468913",12.01,0,2.955,1/16/06,"11:31:11"
"5921911478957",9799,"Kassulke, Brakus and Franecki","472331012",9/13/01,"08:31:29","5446052",16.82,1,1.241,9/5/15,"23:49:57"
"3147701183169",4619,"Greenholt-Ruecker","784768741",8/6/82,"22:10:35","7156781",72.85,0,0.172,4/26/91,"23:59:49"
"8845676303605",5085,"Johns and Sons","753248679",5/24/84,"21:12:10","3125340",2.24,0,1.825,12/31/94,"04:47:57"
"5166521631806",8872,"Kertzmann Group","113200172",10/1/99,"01:07:31","2656762",55.71,1,1.037,9/17/94,"23:16:51"
"6110429815091",2427,"Green, Heller and Ankunding","379730249",6/23/03,"08:56:06","518648",31.06,1,2.021,2/12/11,"22:01:15"
"5975291714068",6586,"Walker PLC","199247235",12/12/72,"14:13:31","9228848",43.15,1,1.687,8/27/77,"14:08:38"
"3273227656736",1746,"Jaskolski-Cremin","107266424",9/15/74,"13:30:48","6168435",72.28,0,1.267,8/14/81,"19:59:03"
"1362189597263",4357,"Schoen, Ankunding and Mills","538848732",3/20/03,"00:21:11","4761036",8.73,1,2.452,12/24/10,"18:28:00"
"4045166909714",6550,"O'Reilly, Mohr and Wilkinson","390325680",1/26/87,"15:23:02","9817556",86.35,0,1.582,12/5/81,"08:07:48"
"8002675040683",972,"Flatley, Medhurst and D'Amore","137464243",10/18/93,"07:22:06","1586212",63.87,1,0.418,1/21/13,"08:39:04"
"4015545399852",9349,"Connelly Ltd","202068722",12/19/78,"05:39:05","4275694",23.17,1,0.909,4/7/02,"22:14:42"
"4480380700081",818,"Marquardt, Brekke and Parker","526055487",10/21/88,"21:10:14","3819082",73.68,0,0.151,7/26/86,"17:21:21"
"9220932669370",5479,"Romaguera, Simonis and Wintheiser","590023187",1/24/13,"02:09:04","6249932",13.72,1,1.885,8/13/13,"19:37:43"
"2411133694856",4305,"Beer-Hauck","34548922",8/4/73,"17:43:39","6993917",50.03,0,1.023,7/15/97,"11:25:26"
"4892921622528",3225,"Okuneva-Lockman","345734859",3/29/02,"04:53:44","6540987",32.88,0,1.208,12/10/08,"10:10:46"
"6022589645776",8706,"Jerde, Fadel and Wolff","444897931",10/7/77,"16:16:11","866852",9.8,0,0.001,10/22/82,"15:09:18"
"8787909936043",4700,"Barton, Fahey and McGlynn","988367889",3/14/77,"17:19:41","1834389",32.41,0,0.466,11/28/13,"19:47:15"
"1386219502222",1648,"Mante Inc","712577600",2/21/71,"07:51:54","7052396",73.23,0,1.012,11/12/77,"14:30:22"
"4258449927841",8060,"Lowe Group","737957150",10/9/02,"18:19:08","1460116",63.61,0,1.464,7/17/76,"08:18:35"
"9361837238142",5841,"King, Klocko and Jacobson","897355769",10/15/75,"08:27:26","2114380",39.94,0,0.59,4/6/79,"03:03:40"
"1871787630953",8624,"Gibson-Cremin","752485959",1/10/90,"13:00:44","2123226",74.66,0,1.609,8/23/16,"05:45:58"
"5809397671730",4275,"D'Amore-Pollich","689377875",5/15/08,"06:32:52","8602254",48,1,1.91,5/12/99,"03:47:49"
"8785281835230",1512,"Mante-Daniel","66370766",10/3/10,"11:16:59","9999758",82.39,0,1.606,9/15/83,"13:00:57"
"4264129995145",9893,"Torp-Douglas","43532738",8/2/15,"04:21:40","4579859",57.14,1,1.998,5/6/83,"21:43:56"
"6975794039400",7849,"O'Kon, Daugherty and Reichert","605969360",11/15/88,"17:08:07","7565436",9.69,0,1.687,6/24/82,"16:03:17"
"7354418232301",9471,"Weissnat-Boyle","157561307",3/5/99,"03:05:48","5399570",81.44,1,2.718,12/16/05,"21:03:11"
"1217158778862",2367,"Sawayn, Koss and West","519156902",7/19/88,"17:05:43","3350117",29.42,0,2.842,7/20/02,"18:19:16"
"5635361278803",7794,"Flatley, Turcotte and Haag","615993223",7/29/06,"05:36:20","5069008",72.33,1,0.227,5/13/79,"12:34:53"
"0697164605643",4891,"Fay, Lynch and Marvin","919671117",7/7/74,"18:33:33","1524400",43.53,1,0.512,11/4/77,"16:59:39"
"1827065090954",1018,"Hettinger-Wiza","666571591",5/8/89,"10:11:52","7310756",19.74,1,1.857,8/28/90,"09:42:05"
"0349237063435",5116,"Conroy, Kunde and Runolfsson","402598367",12/29/94,"13:26:02","4217372",29.28,0,0.439,3/7/85,"01:37:43"
"9418497266341",2616,"Gleichner, Maggio and Considine","641516391",5/28/92,"12:45:38","9744856",16.63,0,1.098,11/16/79,"04:05:23"
"4338055446843",6057,"Lebsack, Mante and Ward","460791258",4/7/92,"20:13:37","3510769",73.01,0,1.039,1/15/74,"07:30:09"
"1829620052608",7221,"Schultz LLC","287536124",12/15/72,"04:56:27","5642048",87.5,0,0.903,2/13/70,"05:10:31"
"9719645597695",6519,"Heathcote Ltd","672033733",3/21/75,"23:02:14","3182888",31.04,1,2.921,7/1/84,"15:19:59"
"7205308459219",7378,"Olson Ltd","389003766",5/25/89,"01:10:31","9643355",31.04,0,1.08,2/5/97,"07:57:53"
"6635963853877",8910,"Ledner, Eichmann and O'Hara","209389604",2/9/91,"16:35:49","2795425",85.66,1,0.267,6/1/91,"06:47:22"
"6326113005628",6198,"Smith PLC","398743809",5/4/77,"03:06:27","9324565",28.6,1,2.767,4/20/86,"22:58:58"
"8644018645496",5949,"Carter, Upton and Lindgren","424115845",7/17/91,"05:24:35","5926335",58.97,1,1.06,3/23/71,"04:24:33"
"0973430733128",2198,"Kub-Pouros","986723288",4/3/76,"01:15:57","2703165",6.99,0,1.765,4/22/93,"00:00:15"
"1306687849462",7114,"Murazik-Effertz","709885845",4/4/81,"13:18:30","7671409",49.69,0,2.431,1/30/91,"23:38:22"
"8930619245852",8813,"Kiehn, Krajcik and Welch","294205088",10/31/97,"07:11:25","8187420",29.96,0,0.569,12/22/75,"03:00:34"
"2051988768333",419,"Kub and Sons","645621490",7/6/94,"05:31:22","5926715",20.79,0,2.86,10/6/06,"13:27:48"
"9611338069244",5552,"Turner-Fadel","208868484",5/20/13,"00:57:32","1658417",2.09,0,1.544,1/26/71,"21:53:24"
"8612394884707",8628,"Gorczany LLC","876595538",6/13/09,"19:26:03","9532308",13.66,1,0.249,9/15/89,"01:52:37"
"2870487213666",6619,"Lebsack-Haley","89528649",9/3/01,"14:10:34","8740985",67.88,0,0.639,1/23/05,"21:33:08"
"3692739668568",9988,"Sporer, Mayert and Rutherford","142376387",11/9/80,"20:08:05","5134009",11.64,0,0.06,3/7/94,"18:33:47"
"7350033248780",1078,"Kihn, Becker and Pollich","328842001",12/6/85,"14:36:44","42853",41.67,1,0.669,11/20/82,"05:03:10"
"7578232491244",5875,"Fay-Rutherford","533966882",7/18/89,"02:14:30","8214279",70.32,1,0.932,2/2/94,"07:52:06"
"6473655068073",1973,"Purdy-Kuhic","836261266",4/23/07,"13:21:19","575766",57.83,0,2.077,10/13/14,"10:53:13"
"9682337680227",1457,"Strosin, Moore and Mills","905217095",3/1/03,"10:51:50","3304830",44.36,1,0.514,9/21/12,"10:47:02"
"6796834601065",4442,"Langosh-Runolfsson","306612148",3/3/16,"14:03:08","5932578",1.89,0,0.145,4/27/98,"23:54:12"
"1381569082267",2327,"Bahringer, Williamson and Breitenberg","806965228",7/4/09,"01:04:18","3189354",57.58,1,0.975,5/30/74,"10:06:28"
"6776827520712",323,"Collier-Nitzsche","265841891",11/4/03,"23:09:45","9747474",77.41,0,2.052,12/29/99,"21:33:21"
"6678323896044",7414,"Torphy, Mayert and Hoeger","486106006",6/4/02,"04:35:05","7854484",69.02,1,1.256,4/26/01,"08:38:16"
"4571943330954",2999,"Moore, Lueilwitz and Parisian","627144130",5/14/72,"01:05:08","7554433",17.91,0,2.979,3/8/84,"00:41:19"
"8105762382511",6421,"Rolfson, Daugherty and Larson","948755559",2/29/88,"22:18:32","9594027",53.24,0,2.449,7/21/78,"06:31:16"
"9473776208127",7517,"Torphy-Shanahan","257555031",1/4/78,"20:54:24","3090651",82.19,1,2.126,12/17/96,"18:31:34"
"6711470613750",1580,"Bruen and Sons","934207991",2/14/04,"12:42:48","4142567",10.64,0,2.5,1/4/02,"19:11:38"
"1309619351489",8429,"Wiza-Legros","674756310",8/18/77,"23:15:31","1174256",14.1,1,0.851,9/15/12,"14:48:37"
"6746820355176",5006,"Kihn, Haley and Roberts","440465780",10/18/75,"01:14:28","9493130",60.13,1,1.64,2/25/84,"18:07:54"
"5933004995343",3174,"Kshlerin, Conn and Schimmel","59989509",6/21/16,"18:11:48","9821536",82.14,0,1.732,5/17/16,"10:19:08"
"9493023475593",5149,"Ruecker, Jaskolski and Krajcik","202917473",9/17/73,"05:33:12","47197",13.77,0,0.658,9/12/06,"09:18:50"
"3198537736263",6312,"Eichmann-Oberbrunner","606057923",3/15/80,"16:39:00","1089500",64.66,1,1.183,8/8/10,"17:13:18"
"1521284484857",5011,"Prosacco, Schuster and Jast","487383071",8/31/08,"14:19:56","1638750",53.84,1,1.116,2/1/70,"23:13:03"
"9783563806893",2587,"Gutkowski Ltd","410386746",2/20/92,"07:09:29","5327413",77.04,1,0.675,4/7/74,"03:27:36"
"2811537356431",5399,"Beier, Schultz and Strosin","686934293",8/30/82,"05:36:27","366639",98.58,1,0.105,5/30/80,"22:25:43"
"7500514998176",8353,"O'Connell-Roob","769684141",6/8/02,"03:07:43","7637739",87.46,0,0.693,5/12/83,"00:18:35"
"4107404946997",9843,"Gutkowski, Mayert and Gusikowski","303196184",8/23/84,"14:22:04","9286489",6.56,0,1.557,1/12/79,"04:59:42"
"8661161902975",5301,"Altenwerth-Wiegand","438625650",4/11/72,"09:19:54","4462873",98.88,0,0.866,8/5/73,"12:07:06"
"7026422679611",9769,"Harvey and Sons","398544145",7/8/81,"16:48:37","667691",87.08,0,0.089,12/19/97,"00:30:13"
"1434791917958",8403,"Hirthe, Yundt and Heller","858453216",3/9/01,"04:43:20","7716967",25.41,0,2.629,6/9/14,"00:58:25"
"2551670859047",9324,"Hauck, Kerluke and Casper","287911043",1/12/16,"06:40:31","761818",55.45,0,0.931,7/8/79,"15:13:12"
"9983511136154",9716,"Hudson-Schowalter","200891855",5/24/73,"18:22:56","9293215",75.33,1,1.48,8/7/82,"10:20:13"
"9730502214424",4234,"Goyette, Macejkovic and Jacobson","15207898",5/16/80,"10:26:44","9728858",1.12,0,2.028,5/25/88,"21:26:17"
"8378308010047",3773,"Hoppe and Sons","942880047",10/21/92,"22:22:51","2664064",44.27,1,0.034,3/12/88,"03:59:17"
"6425626727648",1176,"Thompson LLC","764334943",6/18/83,"00:10:52","1472051",52.94,1,2.441,11/15/76,"18:22:25"
"3802523614421",9617,"Stehr, Nader and Gerhold","511101622",5/22/72,"01:33:43","5380207",96.41,1,1.401,9/3/72,"11:00:11"
"0119839212404",1857,"Wuckert Group","312192983",2/20/70,"12:10:36","729702",56.11,1,2.1,8/27/06,"18:01:42"
"8336990465444",1275,"White-Dibbert","686198686",8/1/78,"17:27:46","7185322",72.94,0,1.386,11/23/81,"18:45:20"
"3910283056377",1579,"Yost Inc","198317973",8/30/99,"23:12:01","2037427",7.87,1,1.459,10/31/14,"16:33:56"
"1328621331463",8791,"Boyer-Senger","386197744",5/6/99,"02:03:50","9818251",73.88,0,0.42,7/3/91,"06:56:52"
"3276634767716",5468,"Adams, Shanahan and Turner","190495491",10/21/98,"14:42:33","9846337",51.7,1,1.424,9/23/91,"18:31:16"
"0167401413680",9855,"Gaylord-Bashirian","917906793",6/13/04,"09:34:28","2174925",18.98,1,2.542,9/24/15,"20:41:06"
"4498093232315",2614,"Rau-Russel","851551230",5/13/10,"17:51:46","7851495",16.12,1,2.029,6/2/91,"00:12:57"
"3217490213726",3259,"Durgan, Purdy and Rodriguez","26535315",12/16/81,"00:22:25","7663902",57.98,0,1.494,1/11/96,"17:42:47"
"6921177752985",4420,"Hermiston-Bednar","707605941",8/21/78,"00:58:00","2818392",85.52,0,1.698,10/12/87,"05:06:42"
"5900280176815",3993,"Lindgren and Sons","975437237",1/10/83,"15:11:58","2475765",67.59,0,1.037,4/8/12,"16:39:34"
"4509967051259",533,"Kub, Hammes and Klein","58078817",1/4/14,"16:48:07","8470045",26.43,0,2.862,5/25/91,"22:24:53"
"5946503039455",5048,"Strosin Group","520757503",1/28/82,"20:46:56","8928885",97.72,1,0.689,12/27/03,"06:50:33"
"7718185929845",6210,"Beatty LLC","433074991",6/9/77,"21:50:15","6546683",14.01,0,2.983,6/20/07,"06:19:25"
"6406124233270",2903,"Wisozk LLC","590195115",5/24/14,"05:32:01","7493894",72.32,0,2.652,1/21/77,"10:13:21"
"0101933377827",6605,"Spencer, DuBuque and Douglas","987523577",1/14/06,"11:59:32","3147235",1.95,1,0.24,6/5/80,"19:51:26"
"0313919658606",3002,"Simonis-Pouros","2532789",5/5/86,"03:47:46","9063411",70.39,1,1.069,9/3/15,"01:31:48"
"3417788210317",3711,"Ryan, Rogahn and Harber","324686046",9/15/86,"10:36:52","7597091",34.34,0,1.092,4/25/84,"04:12:14"
"9003497431071",3067,"Stroman LLC","415213468",2/6/11,"02:56:51","5649965",99.32,0,1.971,10/20/89,"15:35:39"
"7354674236550",999,"Feest, Murphy and Crist","881140489",1/8/96,"20:38:01","6203417",94.78,0,1.236,12/25/73,"12:13:43"
"1665076936091",7691,"Cremin, Berge and Kozey","666410843",11/17/74,"01:25:26","9884976",27.68,1,1.862,7/11/82,"20:52:45"
"6098636401143",4311,"Weber, Nitzsche and Berge","61395310",10/31/83,"11:19:12","6887404",36.61,1,1.712,12/15/98,"19:59:29"
"5013383630772",196,"Nitzsche-Johns","664424681",4/8/72,"02:03:55","248251",17.22,1,1.582,4/23/72,"19:38:06"
"4388740559919",113,"Rice Ltd","723160288",3/16/88,"03:47:56","2812062",77.1,0,2.319,12/22/07,"21:01:03"
"1816811194053",5046,"Herman, Wintheiser and Howell","974766673",10/6/72,"23:21:45","7236348",18.34,0,0.871,5/29/88,"05:41:06"
"7477729104063",9035,"Leuschke-Zieme","914876092",5/16/80,"15:26:26","5656539",53.42,1,2.094,8/7/95,"01:45:43"
"8971436131959",7664,"Zulauf-Borer","564347668",4/21/15,"19:16:53","3474247",31.66,1,0.13,7/9/91,"14:13:18"
"0465087577241",8284,"Rau Inc","923531149",10/30/08,"23:01:18","8349431",15.4,1,0.306,10/22/96,"00:59:33"
"4292142252992",950,"Pfannerstill, Oberbrunner and Conn","990258300",12/17/82,"03:34:37","1161920",38.39,0,0.861,10/1/74,"09:51:46"
"2736683324515",3123,"Lockman-Schroeder","525107965",6/4/93,"12:08:09","7492412",77.18,1,0.1,4/30/94,"15:35:33"
"0471267638525",9979,"Kling LLC","643068465",5/24/71,"21:24:45","6595191",15.41,0,2.169,6/28/95,"10:47:17"
"1004210071180",4108,"Skiles and Sons","527226535",6/29/92,"13:14:41","6644048",28.53,0,2.292,2/26/76,"01:48:52"
"8956272462025",2476,"Leffler-Kris","192607312",1/27/83,"01:23:53","3077138",10.65,1,1.237,3/17/73,"19:52:23"
"5063748589250",8080,"Cole-Keebler","209975335",4/27/02,"21:05:07","2573402",68.83,1,2.295,7/22/05,"12:27:07"
"3122430860280",1203,"Turcotte-Hilpert","257677739",5/1/98,"07:41:23","4396922",18.33,0,2.574,5/9/13,"21:26:46"
"2668317018070",6364,"Dooley-Prosacco","220218852",8/28/88,"13:21:34","8039056",93.78,1,1.981,11/26/95,"05:33:54"
"8202988140372",3254,"Purdy LLC","162504141",4/6/95,"09:43:35","6865159",5.01,1,1.095,3/9/95,"22:01:25"
"9824724409195",963,"White-Wiegand","886817789",3/31/00,"03:27:12","5710943",16.77,0,2.355,8/21/80,"18:30:48"
"9555749406239",2002,"Douglas Group","953597184",10/23/03,"10:59:44","808466",32.65,1,0.152,6/10/82,"20:53:12"
"2554731541546",7527,"Mueller, Howell and Douglas","528590864",4/29/09,"05:12:59","5157811",13.74,0,0.522,6/5/88,"06:20:27"
"4772238005053",7409,"Goldner and Sons","786418031",1/4/78,"13:32:40","9046619",79.81,0,0.928,1/23/93,"01:25:48"
"6656956920378",1968,"Pagac, Nitzsche and Schuppe","867967485",4/20/87,"08:18:36","1025485",31.42,1,0.585,12/4/01,"19:26:11"
"5995346793269",5044,"Yost LLC","762514212",3/8/81,"19:20:59","5007209",96.67,1,2.533,7/27/07,"04:11:02"
"8089885657836",7453,"Stehr, Hamill and Hagenes","833629673",6/22/80,"05:19:59","5740879",37.22,1,1.231,9/13/13,"21:12:21"
"1255271243968",2193,"Hickle Group","462165887",11/24/03,"15:11:01","6346540",89.85,0,2.887,7/24/74,"14:40:23"
"5430812849800",2293,"Skiles-Zulauf","187909001",1/20/93,"01:09:28","1297851",70.8,1,1.324,11/18/83,"07:19:23"
"7960980874816",859,"Sawayn and Sons","816804422",9/6/16,"17:54:38","1700063",36.53,0,0.007,1/29/13,"14:26:33"
"7304478208130",8931,"Rolfson, Mohr and Durgan","210824647",11/22/95,"08:41:27","2671159",27.19,1,0.953,7/28/96,"07:18:07"
"6031316332687",8876,"Schuster, Lockman and Gleichner","807042829",6/29/79,"13:01:54","59941",54.46,1,2.023,11/27/83,"01:39:34"
"1692923320860",2398,"Swift PLC","40841516",8/29/87,"02:07:45","5103380",31.66,0,2.098,3/19/84,"18:05:37"
"5386276610558",1258,"Hand-Hayes","582573763",12/4/15,"16:59:23","5760542",51.19,1,2.283,9/21/09,"04:37:31"
"8429949667189",5636,"Orn, Davis and Von","721640316",2/20/93,"05:30:07","8968561",65.07,0,1.079,2/23/01,"13:39:34"
"7999321991496",4798,"Koch LLC","243946306",1/14/93,"21:14:45","4140778",2.39,0,0.289,11/4/73,"13:34:15"
"2948306993064",2037,"Pagac PLC","552605046",9/2/16,"11:46:26","9808147",83.01,1,1.242,9/26/87,"17:56:07"
"9308984151379",5523,"Abbott and Sons","559734353",4/26/08,"00:38:38","2102701",12.47,0,0.359,6/10/02,"14:46:10"
"6296651919057",6491,"Powlowski-Von","176646495",5/22/09,"01:05:12","8990682",6.38,0,1.145,8/31/11,"17:03:53"
"7923787727077",4780,"Pfeffer-Herman","4181222",1/19/04,"11:57:21","4954126",90.89,1,0.791,4/16/99,"15:26:52"
"8932347128554",7197,"Weimann Group","869945871",7/13/11,"17:02:55","6391188",51.35,0,2.071,12/10/81,"11:48:58"
"2698361622421",4747,"Kessler-Rippin","394696671",10/5/70,"19:12:43","1923463",29.06,1,0.299,5/31/75,"19:38:50"
"3009834220390",1488,"Becker-O'Connell","229484851",1/1/02,"08:44:06","1368430",29.86,0,2.986,12/14/97,"13:10:11"
"5703338488155",9525,"Carroll-Klein","14675713",1/21/98,"10:45:16","3199549",87.02,1,1.461,9/29/94,"15:25:18"
"5881247031599",942,"Bosco Group","615792945",7/1/99,"03:00:47","6652042",24.04,1,1.255,10/19/89,"19:19:32"
"1967079965358",9994,"Ernser-Harris","731428195",6/1/83,"23:39:14","5604429",20.33,1,0.268,4/4/84,"05:21:47"
"7967709660471",6502,"Labadie, Luettgen and Emard","977799904",11/30/91,"03:53:36","4299938",76.63,0,1.356,3/19/82,"00:06:46"
"6929067856231",7904,"Wolf, Cummerata and Klocko","882856715",8/24/14,"08:31:04","3466718",95.91,1,1.455,12/7/80,"03:07:11"
"2230501362553",1236,"Breitenberg, Murphy and Schultz","850959817",7/16/86,"09:28:42","2415008",90.78,1,0.032,8/23/75,"08:26:06"
"5790294989483",6650,"Hamill, Yundt and Rutherford","180400086",9/22/16,"16:37:46","7356310",56.81,0,0.013,3/24/05,"06:09:31"
"2499936175620",859,"VonRueden Inc","21431284",10/12/11,"16:17:23","3076783",82.73,1,0.159,5/19/83,"20:18:11"
"2301950630570",7399,"Walker-O'Keefe","956689940",8/17/16,"11:51:31","1984602",43.65,1,2.024,10/20/94,"14:12:51"
"7478769103053",5170,"Ferry, Schuppe and Braun","554235999",12/31/97,"11:48:32","1355506",6.45,1,2,4/26/88,"10:09:29"
"9496578252311",6491,"Erdman Ltd","215108528",11/30/90,"19:04:39","1331759",40.04,1,2.411,1/16/71,"07:29:27"
"4366442655829",118,"Hermann Ltd","846736831",7/5/72,"03:30:03","7866021",99.89,1,2.863,4/9/82,"07:06:27"
"7367816175986",721,"Walsh LLC","564134624",8/15/72,"10:33:22","347728",94.6,1,0.53,2/28/10,"01:09:32"
"3438324717382",6447,"Fritsch-Hartmann","253899449",10/4/90,"09:17:17","8753501",72.55,0,2.009,12/2/10,"21:16:19"
"8091754590464",4337,"Morar, Russel and Lindgren","881211267",9/6/04,"21:38:20","4661281",77.96,0,0.001,7/9/92,"13:55:10"
"0753604885980",3270,"Keebler, Wilkinson and Waelchi","205841809",12/29/95,"15:08:53","6437658",38.75,0,0.398,5/1/74,"19:27:30"
"8783157258321",3316,"Donnelly, Schultz and Koepp","76660457",10/8/11,"06:29:50","9909230",52.99,1,0.1,5/28/07,"07:34:52"
"0922602129747",1761,"Beatty-Collier","861350446",3/14/89,"03:35:11","5166237",30.94,1,1.853,1/24/71,"11:07:19"
"2771738578769",4979,"Nikolaus, Abbott and Crona","502444242",10/14/94,"10:03:18","2100110",36.94,0,0.202,3/2/91,"20:49:59"
"1869933634947",1972,"Rippin, Schroeder and Wiegand","91689408",7/1/93,"07:52:10","5822737",62.67,1,2.847,9/16/82,"05:22:38"
"8711117910058",5437,"Hintz, Aufderhar and Blanda","853383520",4/10/16,"17:06:09","3621955",45.76,0,0.283,7/1/71,"14:30:22"
"1677989156723",3835,"Armstrong-Oberbrunner","172174236",10/5/96,"11:47:25","1240827",9.5,0,1.979,8/19/91,"21:23:34"
"2564927031132",7398,"Wyman and Sons","628279677",2/18/05,"20:13:51","8154353",78.04,0,2.685,3/18/08,"05:38:01"
"4084775638976",1137,"Cummings-Hackett","376671066",1/14/14,"14:53:25","3271125",26.19,0,2.867,6/2/96,"21:18:49"
"2465135323909",3328,"Robel-Mertz","191339004",5/27/81,"06:29:28","5228904",76.93,0,2.571,2/9/96,"22:59:33"
"4728303774830",1291,"Grimes and Sons","784760938",10/7/00,"23:41:37","2148728",57.44,0,0.92,4/9/10,"07:34:35"
"9212962669967",1563,"Gislason, Altenwerth and Rolfson","56058391",7/9/73,"20:22:00","8207198",19.05,1,0.441,7/28/07,"01:20:59"
"2409811546215",1028,"Huels, West and Emard","671041477",10/18/11,"01:57:25","7881535",96.53,1,1.353,7/29/82,"15:00:46"
"5168742289726",8315,"Prosacco-Eichmann","963381804",8/30/12,"09:44:56","2994817",57.62,0,2.457,3/22/75,"07:11:57"
"7304952670300",7713,"Larkin, Schmeler and Bashirian","740957790",6/16/09,"03:16:01","3054342",85.01,1,0.372,9/13/79,"08:06:08"
"5114114974757",903,"Lind-Howe","332553717",7/18/78,"13:30:30","3830272",3.73,0,1.767,6/21/72,"20:11:46"
"7122183449544",6780,"Lowe, Krajcik and Roberts","769100918",11/2/01,"03:24:11","9866893",36.01,0,2.27,1/6/74,"08:38:20"
"7672872449230",4298,"Schuster, Wyman and Weimann","978120456",7/30/88,"23:57:21","4246112",53.52,0,0.974,8/19/14,"18:42:20"
"8296265024830",4339,"Botsford, Kassulke and Fisher","296713822",4/18/73,"18:28:28","9947463",26.31,1,1.545,2/4/05,"04:00:24"
"9806844822093",5753,"Zboncak Inc","67447265",5/26/10,"17:55:35","6811112",49.61,1,2.992,1/25/92,"20:30:11"
"4726348374264",1747,"Muller-Baumbach","293473381",9/27/92,"09:47:48","6903781",48.55,0,0.507,12/20/83,"23:43:40"
"8102597980739",1855,"Gutkowski Group","614973922",4/4/85,"07:03:45","7209315",29.55,0,0.04,11/25/94,"06:51:43"
"3399089563864",2778,"Ward and Sons","434277092",6/6/03,"15:23:12","302530",82.39,1,1.142,1/23/94,"01:18:42"
"4588842272777",2319,"Braun Inc","362706290",4/21/76,"13:30:54","7342806",11.84,1,0.087,1/23/98,"13:58:19"
"8320747942466",549,"Schumm, Hirthe and Reinger","44663965",11/28/15,"18:50:29","2435285",19.64,0,0.625,12/3/14,"07:15:57"
"4906823861306",8907,"Runte, O'Kon and Satterfield","112090801",10/6/85,"19:01:26","4554034",58.08,0,1.513,7/28/83,"21:41:27"
"1286157400693",6314,"Crona-Hintz","130621679",9/8/16,"20:59:56","47289",50.32,0,0.903,10/10/93,"18:10:10"
"5360175719780",5354,"Kautzer PLC","226486841",7/9/16,"09:11:05","2071465",34.21,1,0.801,1/26/04,"10:22:49"
"0105618156215",3765,"Schamberger LLC","666608211",3/17/13,"19:48:59","9053812",95.46,0,1.351,6/4/84,"00:37:54"
"3065943933698",7463,"Fahey, Gleichner and Wuckert","82646090",10/20/96,"18:50:02","3673893",9.08,0,1.886,2/16/16,"22:45:43"
"2657746577436",423,"Rippin and Sons","190366651",6/21/88,"23:29:42","2329585",53.82,1,2.574,3/10/96,"16:58:19"
"3811993950356",243,"Block-Morissette","66991481",2/8/86,"09:33:03","7524330",21.83,0,2.955,3/23/10,"05:20:00"
"2055338314791",2071,"Collins, Herman and Ziemann","731034970",4/26/71,"09:01:33","3626811",16.12,0,0.67,4/4/03,"03:11:38"
"0046127778585",7294,"Glover Ltd","792987471",11/24/78,"19:03:15","7607979",70.58,0,2.654,6/15/70,"17:24:13"
"1567027442498",129,"Klocko, Ankunding and Macejkovic","701785857",8/31/78,"14:27:01","6911835",32.09,0,1.62,7/3/98,"08:37:46"
"8138859610937",5388,"Carter PLC","733079459",8/4/14,"00:42:27","16870",51.09,1,1.645,4/18/99,"12:52:57"
"7511848438509",2290,"Stehr Group","146465734",7/9/92,"17:12:33","2611060",4.26,1,0.687,12/6/01,"06:23:17"
"1430078119824",3465,"Schulist-Willms","809005472",3/19/06,"02:15:47","2831898",91.65,0,1.103,9/21/11,"07:16:14"
"3637129970322",4422,"Bruen-Davis","244539290",6/4/82,"07:09:22","7957327",74.72,1,1.131,1/12/74,"15:05:39"
"7740242242499",8657,"Reilly-Harber","405712279",1/17/14,"02:42:48","4080805",9.65,1,2.895,11/30/14,"09:23:08"
"2671698115360",3465,"Cronin, Schoen and Langosh","902189326",1/23/84,"19:26:14","3363458",69.03,1,2.341,6/8/72,"07:13:02"
"8407152968751",7098,"Schuster Inc","849909592",11/29/84,"21:08:53","5287619",98.71,1,0.06,4/30/92,"06:46:22"
"4361290246614",9166,"Bashirian Inc","636279215",1/14/01,"00:09:37","7112808",22.34,1,1.949,12/13/92,"23:23:45"
"2299341984293",9085,"Kerluke, Simonis and Bode","166052240",12/4/08,"17:38:33","6589810",15.84,1,0.958,1/15/96,"12:03:48"
"6168273910183",949,"Larkin-Klocko","93636158",7/22/97,"02:41:48","4490295",1.65,1,1.284,1/17/90,"07:04:13"
"6600150483487",4382,"Barrows Ltd","841172167",3/10/71,"17:40:26","1453031",89.61,0,2.882,2/7/16,"22:56:57"
"1595522811548",9550,"Gleichner LLC","407941972",11/30/91,"13:31:34","3323425",91.07,1,2.848,7/23/16,"16:45:39"
"9095950045509",9601,"Waters-Kertzmann","617983494",1/8/96,"00:02:05","5176170",34.54,1,0.082,1/10/16,"12:19:05"
"0633141810797",4999,"Anderson-Ernser","789761128",8/29/85,"15:09:28","1060094",67.62,0,1.866,6/30/95,"18:09:56"
"5222255626481",196,"Kuhlman, Ebert and Schuppe","821796965",12/15/98,"16:38:43","4184511",87.17,0,0.894,4/2/04,"21:38:52"
"3801536834160",8407,"Waelchi, Huels and Rohan","304371086",11/25/91,"16:44:26","5143518",23.26,0,1.902,5/18/81,"15:26:23"
"7498469988504",5078,"Hermiston Inc","662000823",8/2/87,"14:18:47","4690682",88.4,0,1.224,2/25/91,"16:39:37"
"4195007048153",7010,"Parker, O'Hara and Hammes","731984613",4/24/95,"10:56:57","2667775",68.58,0,1.814,5/4/15,"09:14:16"
"4101878658478",1893,"Ondricka Group","218758278",8/24/83,"09:44:50","3896762",55.92,1,2.032,11/7/05,"16:57:49"
"1419869971057",5668,"Schumm-Heaney","481247388",12/13/92,"16:06:42","6692891",10.41,0,1.953,10/23/79,"10:31:32"
"9004488015655",3883,"Treutel Inc","739863147",11/10/94,"00:24:09","7186324",51.54,0,1.475,11/22/91,"14:22:19"
"5583504100430",8534,"Mayert, Murphy and Hauck","939147036",8/11/03,"20:14:05","3110122",16.43,1,1.779,5/3/72,"10:22:21"
"0626784075191",6607,"Schinner-Lindgren","869594001",7/14/02,"21:11:54","132194",73.58,1,2.29,8/15/85,"06:01:52"
"9480017618646",6436,"Williamson-Hessel","179432635",2/26/71,"06:22:02","5223694",43.17,1,1.859,5/11/76,"10:21:56"
"4966044454984",3104,"Reichel Inc","786334285",7/24/94,"18:08:28","1669686",61.52,0,2.113,3/14/13,"21:14:05"
"3163702544269",6339,"Boyle and Sons","72486303",7/10/71,"04:45:53","4524368",97.79,1,1.739,10/11/12,"14:50:00"
"0073563324410",2519,"Funk Inc","913357974",1/31/81,"19:30:11","4395421",2.05,0,0.521,5/5/79,"05:30:03"
"7101052698720",5895,"Waelchi, Daniel and Muller","223600220",5/27/04,"03:24:07","9495393",77.02,1,0.03,7/6/15,"03:05:41"
"7658772214491",8110,"Medhurst-Skiles","885289592",2/14/78,"03:29:47","4470018",51.19,1,2.532,12/11/98,"17:30:30"
"5824718301161",4945,"Boehm-Corkery","647615793",7/27/76,"12:43:45","7883102",19.45,0,2.639,1/24/05,"20:55:20"
"7559860660710",6773,"Paucek, Wiegand and Fay","704369436",11/25/77,"01:27:07","8304016",29.59,0,0.02,8/30/79,"11:46:44"
"9301502558843",4456,"Sporer-Thompson","628060577",11/16/02,"15:36:34","1210017",74.53,0,2.447,12/13/15,"07:29:05"
"1669952056935",8886,"Pacocha Inc","270717382",8/19/02,"07:52:44","9675962",66.59,0,2.903,4/28/08,"23:45:17"
"2732663455875",1340,"Schmitt-Sanford","155158787",12/30/84,"10:30:06","9708966",7.6,0,1.937,10/28/12,"15:20:27"
"6983436086536",9543,"Abbott PLC","74880160",8/31/89,"17:30:21","3089930",64.46,1,2.634,5/8/73,"02:25:50"
"6099275462155",9562,"Ritchie-Lueilwitz","546688417",2/14/71,"07:14:40","3522303",59.44,0,0.07,9/27/75,"22:46:43"
"7578004443951",6996,"Cassin PLC","899578183",7/14/02,"04:14:34","9760261",67.16,0,0.55,12/31/79,"23:20:11"
"5257619986808",5778,"Becker-O'Reilly","394723244",6/4/16,"07:04:11","6154680",2.02,0,2.804,9/8/85,"00:23:47"
"9749654564502",8774,"Ritchie, Steuber and Harris","237719084",9/24/97,"12:48:25","3413439",29.67,1,1.891,6/11/86,"22:03:15"
"2747506664605",9172,"Heaney-Macejkovic","132968035",11/22/80,"13:07:12","7602988",4.18,0,1.695,6/29/75,"11:41:31"
"8345550061458",6901,"Williamson LLC","214782946",8/14/82,"16:31:06","893982",32.08,1,2.033,10/9/12,"13:53:32"
"4983236118536",988,"O'Hara-Dach","956587120",6/25/06,"00:39:14","5186408",13.75,1,2.087,9/2/82,"13:03:20"
"3354706858717",2405,"Schoen, Schmidt and Kuhn","391600266",4/22/72,"19:32:41","5131417",50.19,0,1.475,7/23/12,"18:49:33"
"9535572487983",1365,"Schumm-Steuber","44417503",12/7/94,"10:04:57","8506893",82.85,0,2.13,2/27/12,"06:05:35"
"4764015320613",4702,"Lind, Crooks and O'Connell","121625121",3/12/88,"14:48:00","9024683",34.07,1,1.667,11/1/82,"21:41:11"
"7179719737379",4867,"Casper, Monahan and Lubowitz","600176188",12/29/77,"17:01:17","1591501",94.13,1,1.267,10/28/85,"12:24:04"
"4238206377257",5188,"Gottlieb, Lang and Dickinson","466962906",4/6/13,"19:29:21","5842454",29.06,1,2.033,10/28/08,"13:55:14"
"6356619484257",5865,"Schneider PLC","248935160",7/21/92,"14:08:30","2148516",31.33,0,0.357,8/19/86,"20:41:03"
"1575618023269",1686,"Rippin-Roberts","149628845",7/13/85,"07:00:46","3026518",5.73,1,0.004,4/1/84,"03:54:36"
"2424366946327",9900,"Bergnaum PLC","494598998",1/26/86,"08:54:11","1198154",52.23,1,2.107,7/2/76,"11:26:55"
"4328920760280",8647,"Jerde PLC","785659433",5/12/76,"11:02:07","2048988",1.65,1,1.792,2/5/12,"03:08:45"
"2487342055111",9536,"Greenfelder-Ondricka","327192869",9/15/90,"18:58:44","3005047",57.5,1,2.238,4/28/85,"21:01:06"
"8836924036839",4304,"Runte Ltd","228619178",10/12/05,"22:11:43","2253867",74.57,0,1.076,1/28/07,"10:32:50"
"5490714141878",2432,"Doyle-Satterfield","52848053",4/1/95,"08:54:57","5094273",99.54,1,0.032,5/31/99,"17:03:29"
"5653045947573",1924,"Dietrich, Erdman and Klocko","507292291",6/26/92,"22:32:22","9737348",67.39,0,1.32,2/28/16,"22:33:30"
"8553917974786",5596,"Gulgowski-Dicki","74688310",11/10/74,"02:09:37","4266872",62.01,0,2.072,1/30/86,"16:32:42"
"7424559365560",9067,"Trantow-Stroman","579178834",5/8/96,"21:34:24","4898734",50.96,1,0.149,8/23/99,"20:15:25"
"7592283870446",7540,"Mraz-Stiedemann","520221726",2/9/08,"00:00:10","544420",92.47,1,1.7,9/29/78,"01:02:15"
"4931845522302",6842,"Bernhard PLC","166284499",8/28/77,"14:31:28","1839336",21.79,0,2.55,8/30/02,"21:20:46"
"3882611482646",8094,"Howe LLC","477751492",7/22/00,"11:58:23","1209361",91.5,0,0.9,4/25/00,"09:49:54"
"5229935911785",7289,"Brown-Ziemann","215790505",6/1/79,"17:40:25","6973705",86.97,0,1.723,7/23/97,"13:17:56"
"8103668613334",73,"Mertz, Streich and Romaguera","297481136",9/9/05,"16:06:24","7567297",29.07,0,0.72,4/30/13,"04:39:19"
"8643918686198",7094,"Moen, Mante and Schmidt","401082297",4/30/96,"23:23:16","2329418",81.29,0,0.627,8/25/75,"08:35:56"
"1150967610238",419,"Davis Inc","123644474",9/15/13,"02:35:20","624212",88.78,1,2.081,6/17/79,"21:43:51"
"3740382179008",3323,"Larson, Bailey and Rath","92398520",1/18/05,"14:05:30","1284330",75.64,0,1.118,7/19/86,"23:13:04"
"8049896419517",4635,"Kshlerin-Bauch","330182130",5/27/72,"00:37:08","7583089",60.62,0,1.508,10/6/14,"00:38:50"
"9519527235284",3747,"Beier Ltd","761452373",4/5/01,"14:11:44","7600820",49.05,1,2.321,4/15/83,"22:53:55"
"4138729514223",2780,"Doyle Inc","799954641",6/2/80,"14:30:26","2966293",12.43,1,1.613,1/6/74,"06:00:45"
"0819048354474",2745,"Jast, Grant and Hartmann","709902",9/25/87,"08:16:08","4700866",28.56,0,0.5,11/9/03,"05:26:51"
"4134426344681",9636,"Cummings, Dach and Haag","84201786",9/17/82,"03:17:02","8885627",20.49,0,1.939,5/13/91,"13:12:37"
"2726916509459",8634,"Pagac-Zieme","748097390",6/17/72,"21:16:41","8932322",28.2,0,2.392,10/25/77,"08:51:54"
"1503016031566",6904,"Aufderhar and Sons","57439375",8/18/84,"09:20:20","1006393",89.46,1,2.544,1/20/89,"05:36:05"
"0564833736167",5918,"Fay Ltd","254327600",5/24/72,"10:28:04","6121593",58.93,1,2.841,8/14/98,"07:52:43"
"7739861309003",8945,"Boyer Group","510182342",7/3/85,"18:52:04","1887391",87.63,0,0.001,1/4/88,"02:31:32"
"5457164572516",330,"Sporer PLC","25345732",4/10/86,"07:05:24","8567036",8.39,0,0.532,2/19/74,"03:03:28"
"9834192611007",5,"Gibson-Beahan","439241576",9/2/84,"08:05:25","277508",90.9,1,0.349,4/15/77,"17:27:19"
"7181489046540",6132,"Emmerich, Moore and Graham","609252850",8/17/74,"22:34:14","8156669",77.51,1,2.864,9/20/75,"01:48:38"
"8306103172097",750,"Morar, Runte and Blick","198148545",4/15/85,"14:13:12","1363678",12.89,1,1.813,7/14/11,"19:13:18"
"6770867149315",2294,"Morar-Kerluke","287192211",2/20/03,"14:57:18","855470",37.34,0,0.079,3/7/73,"10:01:50"
"0815349307466",1632,"Mosciski, Wilkinson and Beahan","909282957",11/17/77,"12:14:06","3550673",29.61,0,2.59,1/24/71,"10:26:31"
"1822926023569",2403,"Kozey, Mosciski and Nicolas","332901181",8/3/98,"03:17:35","4142748",95.98,1,1.967,7/9/71,"19:59:51"
"5537393568726",8201,"Ullrich LLC","617062175",11/22/83,"11:12:50","8846801",86.66,1,0.076,12/31/70,"20:00:35"
"2250010646443",6362,"Kutch, Abernathy and O'Reilly","782489830",10/31/10,"07:13:00","7337354",87.33,0,1.93,4/1/97,"09:53:45"
"3098621795704",7589,"Towne Group","32007128",2/25/02,"02:25:36","7375066",86.89,1,0.804,8/2/15,"21:45:39"
"5265722155744",2292,"Kozey-Friesen","670119215",2/16/04,"13:26:23","361805",92.84,0,2.038,12/25/84,"08:48:06"
"8323815081596",8740,"Turner PLC","645119542",8/19/73,"00:56:21","2657939",5.17,1,0.408,9/20/09,"16:27:04"
"6547693858531",4914,"Cronin-O'Conner","222261927",5/13/14,"17:18:59","9584248",95.62,1,0.257,6/17/94,"00:43:15"
"3011666983175",6088,"Walker-Hodkiewicz","224762177",12/8/78,"19:25:46","7558811",20.4,1,0.724,1/1/06,"14:08:15"
"8059815496355",372,"Kemmer, Schmitt and Gutmann","634889321",8/1/70,"16:25:02","3564139",96.7,1,2.061,8/19/00,"20:51:43"
"4570599408483",8580,"Fahey, Mueller and Langworth","728068361",11/22/07,"07:08:16","381742",86.93,0,1.7,8/9/82,"22:57:39"
"7208599994903",9753,"McGlynn Group","809284596",12/29/81,"05:49:00","6891914",90.48,0,1.123,4/8/78,"21:49:27"
"6911092959445",4196,"Lakin-Purdy","586898675",3/28/90,"20:15:16","1504413",80.59,0,2.497,3/11/81,"16:26:29"
"7272027269229",5150,"Shanahan-Schmeler","540831635",9/18/11,"10:53:21","4570075",5.23,0,2.229,7/8/82,"16:00:05"
"3449284285869",6932,"McGlynn LLC","338970703",3/13/02,"02:30:25","5206577",16.87,1,0.467,6/28/78,"02:43:14"
"1565032414521",9071,"Schimmel Group","547282418",11/30/98,"21:04:10","1625062",36.49,1,0.677,3/10/91,"17:20:56"
"6073991144091",9691,"Jacobs PLC","265398012",8/6/99,"11:55:31","2261806",36.52,1,2.786,11/24/12,"19:14:23"
"2748940384593",1403,"Gottlieb, Cummings and Hagenes","803340125",5/31/95,"21:59:02","497792",58.5,0,0.169,8/27/81,"14:46:52"
"8282302954774",7136,"Terry and Sons","90355978",2/1/84,"22:39:41","7049116",0.35,0,2.518,1/21/76,"00:52:19"
"8654437717480",5710,"West Inc","893139085",12/1/15,"17:03:43","9926349",87.46,0,0.014,3/22/06,"22:11:35"
"4740851796137",4571,"Padberg-Fadel","569203528",4/8/84,"22:25:20","5651728",95.71,1,0.459,10/10/84,"14:57:03"
"0170236765032",4423,"Feest-Dickens","27068283",12/21/11,"11:34:29","4604963",13.92,0,1.329,7/16/93,"23:01:41"
"8525738819046",1238,"Lakin, Schamberger and Zemlak","889827687",9/2/86,"12:11:15","5458002",29.46,0,0.19,9/18/87,"18:16:47"
"4257788154545",5976,"Metz, O'Reilly and Hammes","331870756",5/5/77,"22:23:52","5898531",73.57,0,1.859,6/17/88,"16:25:24"
"3184420332120",4716,"Cronin, Prohaska and Purdy","912001068",7/21/09,"02:44:50","1311990",24.95,1,0.842,7/25/09,"20:50:30"
"5209062495419",4132,"Corkery-Schowalter","89620307",2/13/09,"08:00:10","6950277",36.25,1,0.27,4/30/84,"11:54:59"
"2335656007655",2324,"Kovacek-Nicolas","701409929",8/21/11,"15:22:25","4127582",20.46,1,1.346,1/19/81,"07:26:44"
"8956048079284",1217,"Schumm, Roob and Collier","269786918",12/22/80,"07:20:00","302575",2.88,0,0.048,11/18/93,"10:45:57"
"0423145375240",4715,"Buckridge LLC","916552305",5/23/83,"07:57:25","1565444",67.86,0,0.981,3/8/72,"16:57:55"
"0703816329093",4551,"Dibbert, Bins and Marvin","425629538",7/18/03,"18:25:07","5580491",67.28,1,2.778,5/11/87,"12:43:20"
"2002014014485",8963,"Hammes-Bogan","715146220",1/30/78,"15:26:50","5327719",39.88,1,1.862,1/5/93,"08:07:04"
"9788327019074",8547,"Hessel-Bruen","435764581",9/13/71,"15:33:22","5827659",13.82,0,2.123,9/5/86,"17:21:08"
"6111121626118",9674,"Harber, Gerhold and Waters","873437992",8/20/82,"08:32:57","4475781",14.56,0,1.124,11/30/88,"12:45:45"
"6124190058020",1910,"Jacobson-Emmerich","805750127",3/1/94,"03:16:06","2995459",24.35,1,0.442,11/23/98,"22:36:13"
"9814811908338",1254,"O'Connell PLC","469441366",3/1/85,"16:53:38","4662813",89.84,1,0.411,5/10/97,"21:03:55"
"0572392104683",9547,"Fahey-Altenwerth","458930261",7/25/84,"08:29:52","8827624",1.25,0,0.716,10/13/73,"14:50:26"
"0013840077839",7956,"McClure Group","805559447",2/21/76,"13:06:36","2224032",19.03,0,2.204,9/12/75,"21:07:07"
"7339892514154",6277,"Bailey PLC","684799742",12/8/81,"00:10:17","7607727",32.98,1,0.792,10/14/76,"00:57:31"
"3581169351159",285,"Boyle and Sons","188003104",6/28/95,"19:29:38","9105475",33.39,1,2.462,5/24/85,"12:10:22"
"9104364724988",1851,"Trantow-Murazik","83988562",9/23/73,"15:26:37","2930773",96.1,0,1.68,12/3/00,"03:11:13"
"7411322408441",1777,"Schamberger, Ruecker and Abbott","561520323",3/24/99,"19:02:10","5149767",82.78,0,0.468,6/15/09,"06:54:12"
"2734775795742",1825,"Schmitt, Considine and Wilkinson","712310167",4/19/82,"05:50:13","2787712",38.2,0,0.259,4/22/99,"22:35:41"
"9044975245628",3641,"Rutherford Inc","993237100",9/12/14,"04:04:28","1654172",30.69,0,2.422,2/11/91,"21:20:38"
"6348723247866",6336,"Quigley and Sons","151599177",8/12/16,"10:55:41","769689",56.74,0,2.272,5/13/01,"22:58:02"
"8843255296907",6865,"Brown, Shanahan and McClure","931734306",11/19/03,"02:57:39","7996629",33.82,0,0.221,10/2/86,"11:49:31"
"7008111187638",9767,"Braun PLC","8249401",10/21/13,"14:49:08","468167",74,0,0.715,4/30/87,"21:39:09"
"4917945756756",6274,"O'Hara Ltd","991150104",3/29/82,"17:14:28","92411",13.55,0,1.021,5/5/04,"14:07:03"
"2773833986811",6376,"Schmitt-Monahan","384898774",12/3/89,"03:21:38","500937",57.09,0,2.587,6/28/80,"20:35:04"
"6641453726193",9057,"Jaskolski PLC","990793412",3/30/06,"07:52:00","238934",35.59,0,2.136,12/20/77,"09:31:16"
"5053144135177",5216,"Krajcik, Hettinger and Champlin","74669931",1/23/81,"01:01:43","7721733",42.6,0,1.699,1/9/75,"16:38:10"
"4809684543926",6108,"Raynor LLC","95456218",7/20/99,"01:38:09","4005270",62.51,1,0.241,8/16/78,"16:28:37"
"7067787049194",2947,"Fahey-Upton","504678160",3/11/12,"05:17:05","5561030",95.73,1,2.088,11/11/90,"19:19:16"
"7869465094852",4627,"Nikolaus and Sons","691660096",11/14/83,"22:57:03","7134606",50.75,0,1.196,8/14/02,"23:26:52"
"7184769321305",5203,"Toy-Wisozk","914552537",5/11/76,"05:36:58","4914615",18.74,0,2.714,5/31/86,"06:11:22"
"4883120416323",3638,"Wilkinson, Hilpert and Williamson","258974181",3/26/11,"07:49:14","4894708",69.05,1,2.531,11/22/01,"11:32:26"
"1367824304789",7936,"Crist PLC","661969559",7/28/96,"16:38:10","5950251",26.68,0,2.114,3/27/02,"22:52:59"
"9291498299626",4946,"Turner Inc","639090920",8/28/95,"06:19:07","2782679",66.19,0,2.492,10/28/07,"22:32:58"
"0750534569906",8601,"Luettgen, Morissette and Johns","15911201",7/23/16,"16:25:30","1935170",24.16,1,0.067,3/6/96,"23:21:22"
"0547962989539",4012,"Jacobi and Sons","443762972",8/3/82,"08:17:41","6338290",35.99,0,2.376,10/6/93,"07:54:31"
"3970776320903",5797,"Shanahan, Mills and Mraz","707593812",2/19/03,"09:30:09","125499",46.13,1,2.595,12/10/77,"00:11:08"
"6167249304516",5314,"Luettgen Ltd","472092519",5/23/06,"18:16:13","6113898",75.26,0,2.33,7/27/83,"17:35:56"
"2376360850248",9418,"Murphy, Boyle and O'Keefe","379010941",6/25/83,"02:40:39","4222037",81.62,0,2.793,7/9/71,"10:04:09"
"5086187388805",2939,"Dare, Streich and Rogahn","606895111",5/11/12,"12:20:03","3474160",87.6,1,0.154,12/23/75,"22:58:09"
"0138694557611",6696,"Reichel, Erdman and White","789134020",9/5/05,"11:59:52","2606969",86.44,1,2.668,7/11/99,"09:38:27"
"3118152472330",2002,"Mueller-Hamill","527389982",2/26/11,"08:26:34","5068346",72.58,1,1.279,4/5/84,"08:25:48"
"7912669382152",1074,"Kulas Group","353907871",4/15/91,"05:25:06","3555523",38.79,1,1.526,8/26/72,"06:47:49"
"6850046992239",2939,"Kerluke, Will and O'Kon","721339241",8/17/92,"04:40:13","5784717",17.14,0,2.159,9/10/05,"12:38:12"
"7451351688785",2834,"Stracke-Reichel","840624363",7/13/99,"16:03:32","2113173",58.48,0,2.999,10/27/75,"05:22:50"
"8052297133653",7187,"Carter, Tromp and Mraz","539601497",4/14/78,"13:32:24","2152959",73.86,0,1.092,11/8/09,"11:57:09"
"0836910937538",4538,"Cremin Ltd","96224956",8/4/88,"16:39:14","9947510",0.96,0,0.738,11/7/77,"17:13:09"
"4919762802778",9432,"Abernathy-Jerde","870179418",6/23/94,"17:23:25","8451476",85.4,1,1.596,10/4/77,"23:29:57"
"5445039736958",851,"Stehr PLC","763492971",5/9/89,"17:47:03","9815662",68.67,0,1.463,5/15/81,"14:04:21"
"1368087616147",6829,"Feeney PLC","524918920",6/21/77,"01:05:50","3682810",25.66,1,0.554,10/29/92,"04:12:32"
"5083355419123",6317,"Lebsack Group","34463895",11/27/99,"08:58:10","4536718",70.82,1,1.077,1/28/76,"08:50:39"
"5642600520108",6075,"Medhurst-Ortiz","160378746",10/29/90,"19:20:04","6737867",55.44,1,1.791,4/20/72,"04:25:17"
"5292659952715",8234,"Lowe, Mitchell and Walker","612380390",10/24/96,"15:07:22","320775",73.85,1,1.731,11/23/92,"08:56:56"
"7400875924783",368,"Kirlin Ltd","33074128",12/11/82,"01:16:58","2379703",81.81,0,2.785,8/13/00,"18:57:48"
"0524910418757",6711,"Mayer-Stamm","590689464",9/26/97,"22:55:26","8929018",13.2,1,2.825,9/5/87,"21:10:06"
"7330748244102",9980,"Hagenes, Purdy and Ferry","548013146",9/12/08,"21:43:09","4655022",33.9,0,1.2,12/28/76,"00:56:31"
"8760128589013",5720,"Thompson-Rolfson","345425575",4/6/00,"07:07:03","8334041",8.71,1,0.625,10/26/00,"11:36:00"
"3878605645549",1278,"Cormier-Crooks","531200763",11/6/97,"05:38:53","5551661",63.98,1,1.008,6/28/84,"10:44:06"
"9190235586252",6377,"Johnson, Abernathy and Streich","792727760",7/25/92,"23:23:25","3832528",9.57,0,0.533,12/11/84,"18:17:29"
"4518530842372",2200,"Jaskolski-Skiles","980778873",8/1/75,"11:28:03","8172136",72.38,0,1.7,2/21/75,"21:21:59"
"2012834738060",6932,"Kiehn-McLaughlin","541351727",10/8/96,"10:32:13","7399049",27.32,1,2.965,3/15/75,"19:21:28"
"0247336623036",6399,"Waters, O'Connell and Kuhn","538997392",12/25/05,"11:32:21","5006017",39.35,0,0.415,6/27/92,"07:55:37"
"2111879506705",3478,"Huel-Bashirian","485122590",12/23/02,"22:21:34","8704116",4.72,0,1.479,12/17/00,"22:08:28"
"9402392846768",661,"Pagac-Volkman","838174134",3/8/80,"11:10:25","5979806",79.89,1,2.307,5/25/72,"02:50:12"
"9122870838864",9477,"Dickinson, Block and Lemke","855044647",4/17/70,"21:59:56","9357956",1.32,0,2.009,10/10/15,"00:45:16"
"6213620028192",3101,"Stamm-Shanahan","771137344",11/29/88,"01:26:02","72444",74.38,1,1.015,8/25/06,"12:02:03"
"1212342892289",8385,"Bruen LLC","416561160",6/29/93,"01:12:54","4783996",19.89,1,1.943,10/2/03,"21:37:13"
"8368310894207",0,"Koch-Von","751229661",4/17/76,"11:24:21","4026274",28.14,0,0.201,12/24/72,"06:08:04"
"3142256169602",9773,"Kunde Inc","658438327",4/24/00,"22:10:04","3339441",69.35,1,0.664,2/20/87,"07:48:23"
"5097747312852",2446,"Cole, Schneider and Hahn","937020401",8/17/01,"23:12:39","8557248",12.05,0,2.301,7/29/79,"10:30:46"
"7141812324291",5458,"Kozey, Erdman and Larkin","233523712",7/14/13,"08:54:16","8502044",32.31,0,2.266,2/7/70,"01:47:17"
"0034580138690",6220,"Kuvalis and Sons","189244607",12/10/72,"08:26:40","3926798",0.15,0,2.399,4/7/05,"07:10:08"
"2096669254339",3409,"Nikolaus Ltd","885687268",7/3/90,"22:15:33","6342806",0.98,1,1.29,3/12/71,"07:06:58"
"7199306792540",2190,"Hammes, Brekke and Paucek","259173200",3/19/72,"02:39:25","8411689",56.72,1,0.708,4/7/71,"14:32:17"
"7445151597937",5679,"Torphy-Swift","397217054",6/7/71,"01:26:25","7607633",8.44,0,2.062,9/27/04,"10:55:18"
"9665613736501",4576,"Spencer, Schaden and Willms","639731931",7/30/73,"01:17:31","3609069",77.07,1,1.421,10/4/79,"12:11:06"
"7403229509077",2351,"Mertz Ltd","71343066",6/1/83,"17:21:19","3843633",80.01,1,2.522,10/28/75,"17:50:52"
"0166356585543",5392,"Haley PLC","657576218",3/15/97,"08:05:49","1138276",8.95,1,1.512,6/15/81,"08:30:32"
"9479053739263",695,"Pfeffer, Krajcik and Bayer","83848136",2/13/71,"13:50:27","6135304",9.4,0,1.61,2/9/84,"20:54:18"
"5781150106428",7406,"Effertz LLC","29707580",10/2/11,"03:22:57","4236153",27.98,1,1.679,11/4/88,"13:40:25"
"3377034569993",4809,"Reilly, Grant and Kiehn","992923164",2/16/72,"20:36:23","3324126",38.06,1,0.525,11/19/13,"11:05:16"
"3361546989699",749,"Crona Group","475248291",11/17/90,"06:15:17","152865",59.46,1,2.405,12/14/91,"12:31:14"
"2296488765637",3507,"Schumm, Zieme and Stokes","65461501",1/13/95,"22:42:04","4898384",74.74,0,1.634,6/5/15,"01:44:38"
"0558208056133",38,"Turner-Muller","593518131",11/29/78,"16:56:00","9588571",13.69,0,1.083,7/1/70,"18:25:23"
"0811735402368",771,"Nolan-McCullough","298914372",3/14/82,"02:37:34","2845468",11.28,1,0.918,10/21/87,"14:29:41"
"3581059499737",4381,"Connelly-Hickle","324583447",4/8/82,"20:44:46","8559167",24.21,0,1.874,1/20/16,"12:38:44"
"5793574084328",3311,"Hoeger LLC","484939833",2/1/73,"18:30:32","7525670",62.89,0,1.138,2/22/75,"17:39:20"
"2559072210964",6864,"Hyatt-Kiehn","966123727",10/8/79,"10:52:50","3621922",57.42,0,0.079,6/29/01,"14:56:03"
"3437466467960",8743,"Brakus-Paucek","588850458",6/22/91,"09:31:08","6900903",35.44,0,0.606,12/11/72,"08:40:18"
"0774137337162",6178,"Mayert-Dibbert","214693889",4/18/11,"19:22:48","5554426",75.16,0,2.758,3/21/86,"00:15:29"
"2289532076312",7532,"Corwin, Waters and Hermiston","800788212",12/29/05,"19:13:16","5740104",92.37,1,0.332,5/6/10,"00:40:09"
"2285844294008",2127,"Miller, Homenick and Osinski","541057033",1/30/05,"07:35:03","7037487",53.05,1,1.853,2/4/92,"16:30:41"
"9067629028919",6798,"Eichmann-Boehm","28662580",10/4/76,"10:09:18","9701826",51.47,1,2.662,3/28/99,"10:03:27"
"6117556001064",8338,"Abbott, Thiel and Fay","809890191",12/15/01,"19:10:48","5706449",81.93,0,1.895,7/3/79,"14:53:42"
"5290278344626",1748,"Zulauf Ltd","747617441",6/25/97,"02:41:48","2766251",81.21,0,1.591,4/29/87,"13:08:26"
"0632006366428",5397,"Little PLC","551090104",10/29/70,"00:19:27","840317",94.08,0,1.422,7/25/73,"12:55:24"
"0277378828888",380,"Heidenreich LLC","834019288",9/29/13,"15:00:11","8752557",85.22,1,1.298,8/10/86,"08:31:58"
"4582802934806",5480,"Armstrong-Rolfson","995495884",4/23/07,"06:08:18","7086306",28.93,1,0.174,11/11/79,"19:14:45"
"6422582657026",3548,"Williamson Inc","811862950",1/31/02,"14:37:26","5172556",43.12,0,0.436,6/7/75,"06:13:21"
"4623296786633",4431,"Robel-Wiza","67426665",7/20/85,"14:44:20","5920584",29.62,1,0.458,7/9/93,"11:23:49"
"5895241722443",7057,"Schaden LLC","260772692",12/23/02,"14:07:37","4716709",14.99,1,1.37,10/10/95,"02:32:59"
"3286740746446",4176,"Pollich-Dooley","234112905",1/7/71,"07:57:09","5802551",9.98,1,2.217,10/25/76,"18:04:35"
"5837021375641",7985,"Spencer Ltd","108670781",12/8/14,"20:42:44","4790656",34.78,0,2.627,12/14/79,"02:01:08"
"5250898999998",1844,"Muller, Morar and Yundt","522076605",5/24/08,"01:38:46","5659048",46.54,1,1.595,6/27/86,"14:32:04"
"2761651705180",4607,"Waters Inc","102492643",12/28/96,"01:06:27","7056777",69.02,1,1.746,11/23/13,"02:20:48"
"7562749553758",5274,"Watsica, Smith and Dach","394471603",6/22/73,"18:26:57","6928847",69.97,0,0.957,4/23/80,"00:48:28"
"1291769909100",6249,"Ankunding Ltd","210547987",5/21/84,"03:00:35","6595245",50.73,0,1.527,1/8/86,"10:05:23"
"5579802650402",5193,"Heidenreich, Barrows and Kuvalis","489349762",8/20/99,"12:31:35","8644511",3.43,0,0.631,11/20/14,"03:28:13"
"3180632654189",6888,"Kunde, Morar and Hudson","31994809",8/7/77,"00:51:42","1159342",70.44,0,1.817,4/1/00,"08:57:17"
"1576734454722",7143,"Hilll Group","471100443",6/7/05,"06:16:06","1296027",9.22,1,1.735,1/30/88,"02:16:40"
"9101564878772",3696,"Hickle, Daniel and Daniel","777867011",7/27/71,"08:00:40","4206958",49.98,0,2.648,11/12/98,"04:24:02"
"3441741345153",2488,"Mayer LLC","453886249",11/23/84,"21:28:36","1656102",71.2,0,2.139,2/15/95,"14:59:07"
"0554533188321",2335,"Orn, Kilback and Miller","43864994",3/14/01,"10:17:24","1420122",12.15,0,2.119,6/22/79,"01:30:03"
"1829505937366",8194,"Konopelski PLC","570130010",2/16/02,"05:16:29","854909",27.66,0,1.951,10/8/13,"02:52:57"
"1048898524445",6552,"Emard-Wisozk","179559990",4/25/72,"06:37:08","3454770",50.28,1,0.006,7/12/14,"09:57:36"
"6040336847025",6560,"Shanahan PLC","322527957",11/30/99,"12:40:58","2033645",31.07,0,2.044,10/6/80,"17:37:23"
"8000037685873",3234,"Schumm LLC","829973902",2/19/03,"11:04:10","1411856",38.09,0,1.983,4/27/84,"19:28:46"
"3430373438934",8300,"Auer, Bednar and Bartell","581971294",6/19/15,"16:42:21","469988",72.21,1,1.436,10/28/82,"20:43:59"
"2961024953600",6005,"Pfeffer-Gaylord","712177605",8/6/94,"22:35:15","718701",54.73,0,2.927,9/21/13,"19:40:56"
"3360456735940",3791,"Barton-Wilderman","260562235",8/3/04,"14:32:41","9025606",91.98,0,1.881,5/18/70,"16:47:04"
"8894927781544",3872,"Orn, Cruickshank and Larkin","318196399",2/3/09,"01:12:47","5794895",56.03,0,1.399,3/5/14,"05:59:03"
"5751053145873",5598,"Marks Ltd","614390727",12/11/12,"13:18:29","7952700",43.44,0,1.206,12/12/76,"20:46:28"
"6173426963688",2576,"Deckow Ltd","703078946",2/6/95,"16:17:39","3198595",50.69,1,2.833,2/4/13,"16:59:42"
"7515698125151",7791,"Luettgen-Bartoletti","599945283",8/20/05,"06:40:02","6066694",9.35,0,1.166,7/7/76,"21:52:25"
"1579632840267",2560,"Hauck Inc","45864509",1/29/07,"00:49:53","8065819",87.66,1,2.261,1/30/76,"04:53:05"
"1307173793535",9976,"Buckridge-Goldner","995693715",7/31/09,"06:00:23","344748",40.97,1,1.103,8/3/13,"14:21:38"
"1751563211262",3804,"Shanahan-Klocko","511751007",12/26/70,"23:29:46","4302000",44.92,1,2.547,8/24/14,"03:51:55"
"4839981671863",600,"Haag-Brakus","418543572",3/10/82,"12:56:00","9766298",98.76,1,0.74,3/4/78,"19:53:22"
"6225379276814",8095,"Renner, Carroll and Langworth","380006751",4/7/97,"23:55:50","102336",42.34,0,2.301,2/18/93,"20:00:49"
"7198699830388",1383,"Reilly Ltd","436623258",12/9/86,"16:31:40","3921510",97.21,1,2.103,10/5/09,"18:42:19"
"8041395720897",8892,"Kozey-Lynch","401823846",9/20/10,"07:02:41","1756481",78.05,0,0.245,9/7/95,"04:18:50"
"4736202248437",5964,"Goldner, Jacobi and Hoppe","245643493",3/31/96,"00:15:41","640037",26.68,0,2.232,11/6/92,"19:11:59"
"3594922615122",3810,"Stracke Ltd","777060619",3/16/95,"22:46:40","8202104",2.35,1,1.09,8/13/89,"22:31:04"
"1656488411416",391,"Parker-Beatty","715277487",4/11/70,"01:03:36","6785213",73.46,1,0.115,2/11/99,"00:51:42"
"3940602766804",4121,"Balistreri and Sons","70792126",9/12/83,"15:47:50","3009404",72.1,1,2.546,2/28/85,"10:48:35"
"8757052282415",702,"Schulist PLC","937273504",10/13/14,"03:25:05","8716627",99.76,1,1.771,3/22/15,"17:45:58"
"9018388450432",4873,"Bechtelar, Jacobson and Bergstrom","44920765",5/5/11,"01:42:46","7880031",88,1,1.518,8/30/79,"03:45:20"
"9866346387060",3962,"Murray, Thiel and Klocko","574253208",2/4/98,"20:24:32","3544729",20.3,0,0.823,1/8/71,"16:34:38"
"2993375578428",1549,"Reichert and Sons","257932987",7/19/13,"16:12:54","6001654",82.16,1,0.526,6/26/13,"13:41:41"
"9747105256951",2676,"Greenfelder and Sons","397183628",2/12/87,"04:30:42","9071230",64.92,1,0.11,7/29/03,"13:12:17"
"0680229975868",9109,"Nicolas-Pagac","947004270",9/1/92,"18:39:18","5068587",7.58,0,0.103,4/20/82,"06:32:15"
"6011209659264",4093,"Heathcote, Bruen and Waters","633646181",1/23/08,"13:30:47","5558828",14.12,1,0.365,5/20/76,"02:35:27"
"1075350814250",3564,"Schmeler-Senger","866442029",11/22/84,"09:27:15","5758650",45.18,1,0.408,6/28/08,"17:32:22"
"7677056677914",4558,"Runolfsdottir Ltd","284624681",2/19/09,"01:16:17","5667335",59.3,1,0.101,11/3/94,"17:50:09"
"7059670189215",3118,"Langworth LLC","796040072",3/15/75,"23:50:03","3577145",44.27,0,2.139,4/20/80,"09:57:36"
"9568684142035",8618,"Kreiger and Sons","972883398",1/6/76,"17:06:18","9557156",67.71,0,1.997,8/9/05,"08:28:57"
"9644754708119",5404,"Torphy LLC","961745052",9/5/74,"03:19:26","6625543",86.06,0,1.917,4/14/00,"03:52:15"
"3523737466037",7684,"Schimmel-Feeney","552905337",9/11/84,"07:43:55","4731074",26.89,1,2.916,12/19/74,"21:48:15"
"0877048969653",8463,"Bradtke, Fisher and Ullrich","275979858",5/17/89,"10:34:23","7650463",11.28,0,0.071,2/7/91,"17:39:25"
"1430967014020",9129,"Gerlach and Sons","986428232",3/18/04,"00:30:10","9313814",42.42,0,1.612,4/3/86,"21:34:39"
"3674319645468",7955,"Paucek, Wintheiser and Lowe","180350785",12/23/10,"13:09:48","5756985",87.22,1,0.52,12/17/75,"20:10:19"
"6583453216272",8810,"Paucek, Swaniawski and Cummings","346904480",4/23/04,"19:55:52","4219246",73.21,1,2.16,6/27/15,"07:32:24"
"9042816163374",1007,"Mraz-Rutherford","882600199",1/16/07,"15:30:10","6070961",86.45,1,2.457,12/12/93,"14:27:34"
"6665911093443",7092,"Huel, Simonis and Weber","120723068",1/18/02,"08:12:39","716871",10.26,1,2.81,2/18/70,"01:50:06"
"4626539188422",5760,"Schumm, Kautzer and Gleichner","10497293",5/24/95,"15:46:08","5542295",4.44,0,1.434,11/28/87,"16:36:31"
"5105359545534",9515,"Schmeler-Roob","801102027",2/17/77,"20:26:26","9338869",11.42,1,1.998,11/12/14,"22:06:46"
"3587135088976",2791,"Kutch and Sons","795031491",6/12/02,"21:21:26","541675",10.18,0,0.467,2/15/10,"10:37:13"
"2383516220342",8713,"Corwin-Smitham","689615556",5/23/79,"11:36:38","5026944",94.7,0,0.842,9/24/77,"19:24:00"
"1751944198192",3473,"Cremin LLC","698006893",8/4/99,"04:17:25","1664984",99.39,1,0.742,7/22/14,"21:18:30"
"4368272241843",598,"Schinner-Sauer","788446367",2/18/79,"12:10:45","5771496",44.23,0,2.876,11/16/88,"11:46:23"
"7927048423331",457,"Leannon-Abbott","598379754",3/16/12,"16:53:30","8475940",58.57,0,2.823,9/22/14,"23:29:28"
"5938001752341",8361,"Purdy-Zieme","721224587",11/22/83,"00:56:13","5960404",81.14,1,2.838,9/21/82,"21:43:42"
"8900712181712",5705,"Boyer, Murray and Kertzmann","105462959",3/19/85,"08:48:52","8673241",28.58,0,2.358,11/6/71,"21:21:23"
"4510121079019",1411,"Howell Ltd","796805620",5/9/83,"11:42:26","6794326",67.52,0,2.587,8/23/05,"22:18:27"
"1705808392547",960,"Kihn-Wintheiser","311442391",2/16/09,"10:34:46","2908873",58.26,1,2.129,8/22/84,"14:28:13"
"8620543642397",2017,"Jacobi and Sons","713234980",4/1/13,"19:31:31","4122777",15.54,0,0.763,5/16/99,"12:58:13"
"1621394670189",5056,"Block Group","464410412",1/6/16,"15:14:28","4010073",6.89,0,2.89,4/24/00,"08:03:44"
"5280517740462",7411,"Feil-Williamson","302562970",8/10/80,"06:35:52","6626751",26.19,0,1.917,6/3/81,"07:43:24"
"2914766697979",7637,"Walker Inc","191066315",1/19/76,"05:55:49","7532516",19.46,1,2.648,10/18/13,"04:40:35"
"0136482804097",3937,"Hand Group","402408398",10/24/88,"17:18:37","528253",91.94,0,0.767,5/25/86,"10:12:40"
"4323824029565",4896,"Moore-Zboncak","394986078",9/4/99,"08:07:35","2125979",58.06,0,1.715,11/5/00,"23:27:40"
"1941222432559",3447,"Pouros Ltd","994971006",6/24/02,"00:39:01","8324313",14.04,0,0.126,1/18/81,"04:38:39"
"6931987458260",9363,"Purdy Group","405047209",9/1/79,"03:10:08","4430794",48.22,0,2.725,5/20/83,"07:48:59"
"4414395118812",3826,"Nitzsche Inc","124685805",4/22/01,"09:08:49","6812062",51.72,0,0.996,8/5/73,"16:53:51"
"9284598735323",5796,"Mraz Group","865543676",5/22/12,"22:09:05","8616042",80.33,0,0.039,8/21/06,"00:23:28"
"9257246432728",7564,"Dietrich Ltd","593064471",10/17/84,"10:11:00","8179525",62.3,0,2.347,12/13/04,"20:35:04"
"3815632091804",2743,"Block PLC","474542038",5/3/13,"06:10:05","854283",10.31,0,1.087,4/24/02,"05:43:08"
"6315976428076",3728,"Muller-Thompson","359147473",6/14/98,"20:30:04","4905155",32.38,0,0.142,12/9/02,"23:46:06"
"8216038265325",7828,"Kshlerin and Sons","550045851",8/8/96,"02:14:34","564054",69.38,0,1.632,4/3/75,"21:43:53"
"3602032948107",3964,"Moen-Jast","633092594",2/17/79,"08:38:25","5355920",28.24,1,0.562,9/23/73,"21:21:06"
"6942435066910",7942,"Luettgen-Gutkowski","574984089",8/3/04,"12:39:08","4006801",61.73,1,0.614,10/5/86,"05:32:26"
"6290680406146",6560,"Paucek Group","530510051",6/1/13,"07:43:58","5360575",84.54,0,2.171,2/2/79,"04:07:04"
"8745112457170",7975,"VonRueden-Johnston","935143117",4/23/70,"04:43:03","4159166",13.41,1,2.356,3/8/15,"03:50:02"
"0274788462697",5719,"Rippin and Sons","694621213",6/25/16,"02:29:23","3823790",60.32,0,0.362,12/17/03,"02:48:44"
"0478189286452",6290,"Klocko-Borer","35729313",4/9/94,"19:52:52","9677084",7.82,1,0.617,7/9/85,"09:22:31"
"2769788297057",3200,"Moen Group","630514251",10/20/88,"20:36:29","3746767",18.68,0,0.864,8/5/92,"21:39:43"
"0661600877664",1283,"Predovic-Swaniawski","555204966",10/8/15,"02:06:10","2873258",32.67,0,0.478,3/3/16,"02:45:02"
"9495781969877",8948,"Schultz-Rowe","801444149",12/27/89,"09:31:19","601959",87.59,1,0.303,12/19/03,"11:46:49"
"4536591920088",9452,"Predovic, Daniel and Gutmann","541098938",2/18/05,"13:00:58","2088838",69.34,1,1.569,12/19/83,"05:50:53"
"7160140645815",9664,"Kunde-Weissnat","504763669",10/3/06,"19:28:26","1220412",96.38,0,0.232,5/23/81,"05:24:41"
"2130591987337",1353,"Denesik-Pouros","466846689",4/4/07,"16:39:36","8030922",63.06,0,2.816,8/4/87,"06:03:19"
"1435417211682",4014,"Wolf Group","878172227",4/5/01,"23:00:05","268188",32.19,1,2.692,8/24/12,"15:55:34"
"5082046218614",8,"Crona-Klocko","948043942",10/24/76,"18:21:27","5588672",12.52,0,0.372,8/31/96,"13:06:23"
"0879855729640",1683,"Roob, Quigley and Wunsch","620253307",8/29/12,"09:38:38","6642261",12.06,1,2.044,12/4/89,"14:40:41"
"1418913676300",4629,"Zemlak, Breitenberg and Trantow","319627040",9/29/83,"02:12:22","2876483",8.56,0,1.503,1/26/72,"11:24:45"
"3695029223282",4742,"Kessler and Sons","151637730",4/30/10,"00:08:02","7470820",93.84,1,0.017,6/2/83,"05:24:16"
"0849920640807",6000,"Frami, O'Conner and Harris","345994488",9/17/91,"07:42:21","6344187",7.11,0,2.221,3/6/13,"10:36:21"
"6302665494398",7698,"Strosin PLC","283829554",11/17/03,"00:48:31","2891026",29.83,0,1.99,12/27/09,"15:50:34"
"5556022312172",5417,"Hessel, Stiedemann and Stracke","38009616",9/8/94,"01:31:18","951998",45.07,1,2.437,10/22/86,"20:11:38"
"4957309464355",1417,"Schoen-Becker","379721928",12/22/00,"21:35:38","5109421",47.52,0,1.245,3/8/77,"23:01:02"
"1265922250409",8846,"Bahringer, Ullrich and Zemlak","412056229",8/15/70,"14:32:42","1329610",86.77,1,1.745,8/28/96,"11:56:37"
"2359704529671",4157,"Hettinger-Sipes","237181220",7/7/70,"10:46:43","1877056",4.84,1,0.366,1/31/88,"07:32:28"
"6850683841678",7249,"Renner-Wintheiser","879000254",7/17/86,"13:07:57","3008870",17.25,0,0.597,2/10/89,"05:41:02"
"1734090031933",5167,"Reichert, Wisozk and Kris","273296570",5/12/92,"02:39:59","1700458",57.27,1,2.397,3/14/97,"07:40:12"
"4790576007894",9376,"Leuschke-Schroeder","639944355",8/12/96,"23:21:47","137845",24.45,1,2.187,6/28/94,"19:23:13"
"2845636375283",3624,"Reichert-Bins","108960141",1/18/10,"15:29:38","3278848",94.26,1,2.987,4/2/95,"20:38:45"
"5178084868334",6379,"Becker, Pfeffer and Jakubowski","3211657",2/6/10,"10:02:55","973928",67.3,1,1.143,8/13/90,"00:02:39"
"0788076765487",457,"Olson-Paucek","827670075",3/4/12,"00:36:17","2299644",99.32,1,0.045,5/7/79,"06:22:01"
"2973325768450",2889,"Labadie, Lindgren and Heller","669685033",4/30/84,"20:52:18","4811588",53.53,0,2.319,1/4/90,"05:31:17"
"0057923912067",6698,"Aufderhar-Spinka","521581967",5/27/06,"18:19:03","1074504",12.77,0,0.733,2/10/96,"09:39:11"
"7731097435219",538,"West, Mayert and Robel","52737022",4/4/10,"12:26:46","2517262",66.38,0,2.418,4/23/92,"22:06:05"
"3177971401169",7435,"Adams-Padberg","92092663",11/8/11,"09:06:29","3878410",42.98,0,0.227,8/2/78,"18:20:09"
"1698578296160",8375,"Smitham Group","379531827",8/23/79,"18:43:03","806102",4.66,0,2.578,3/27/80,"21:21:07"
"1293346197071",4544,"Johnson-Hyatt","715171012",10/6/89,"03:19:07","8285454",28.86,1,1.18,2/13/08,"04:43:35"
"0554503717197",9888,"Abernathy Group","545436522",6/2/81,"14:14:21","9271031",34.59,0,2.366,2/11/11,"16:28:27"
"7913065834630",1419,"Mayer-O'Connell","474618188",1/3/01,"23:15:02","7695724",88.61,0,1.751,12/31/08,"09:40:46"
"0619754717187",7215,"Fisher Group","573546236",1/22/06,"14:08:21","33664",97.11,1,1.817,6/26/12,"12:24:14"
"3519420763907",1950,"Little, Brekke and Grant","324243702",5/15/85,"16:59:33","6065643",40.09,0,0.429,11/8/78,"20:04:08"
"8826111957463",3018,"Prosacco LLC","572313826",2/22/92,"22:22:31","4861409",26.44,1,0.448,9/6/71,"10:17:29"
"2851527827715",9656,"Huels-Lockman","861762174",12/19/72,"06:21:43","4889642",73.38,1,1.145,5/6/91,"01:53:43"
"6701301666119",3245,"Hessel PLC","666640476",2/11/07,"00:13:38","9059201",14.55,1,2.636,3/31/83,"15:10:41"
"0094455505526",5385,"Ullrich, Dare and Moen","333683085",4/19/03,"09:24:57","8758662",81.32,1,1.083,5/12/86,"04:33:16"
"2297636335360",7344,"Schmitt, Bergstrom and Bode","867876185",12/2/87,"22:52:26","6509058",10.1,0,1.809,5/25/07,"11:01:04"
"1193255693142",4916,"Bailey-Waelchi","879451478",8/15/71,"00:05:43","7846001",76.89,1,1.756,8/27/92,"16:02:04"
"8089581068796",316,"Anderson, Grimes and Jones","882122470",9/21/81,"21:07:30","7690767",17.09,1,2.487,5/11/99,"15:43:32"
"6688436930875",4200,"Von-Johns","740517593",4/19/95,"04:57:26","5860936",31.24,0,1.419,5/26/11,"20:26:08"
"6234357186943",8101,"Klein-Hammes","565059406",7/30/72,"21:36:32","641417",21.52,1,2.05,3/18/85,"13:10:13"
"5275015867906",5242,"Balistreri, Braun and Howe","177381050",9/7/11,"05:51:19","4914025",28.61,0,0.148,12/31/78,"16:24:29"
"8153743265850",5851,"Bernier PLC","179055728",10/18/13,"15:00:16","3976411",41.33,0,0.607,10/26/15,"05:03:23"
"8631916141932",3402,"Mraz-Monahan","122575053",10/9/07,"03:57:04","3153665",43.92,0,0.21,8/3/74,"07:59:02"
"0658833569751",4643,"Schuster, Yost and Koss","700639653",8/7/88,"06:38:02","4295087",93.15,0,1.813,6/29/02,"16:24:03"
"4882832238058",4652,"Murphy-Kertzmann","586380416",8/9/95,"18:37:21","8698939",83.61,0,2.162,1/26/11,"19:47:22"
"0780433060162",6662,"Parker Group","838140827",12/16/11,"19:34:32","7478498",10.67,0,2.545,11/5/83,"10:56:05"
"1255988394027",1792,"Crist-Romaguera","797585403",1/10/06,"03:54:51","333027",75.45,0,2.682,7/8/97,"18:18:01"
"3375842413895",6375,"Huel, Lebsack and O'Reilly","571469523",6/18/72,"11:47:18","3169413",53.27,0,0.305,6/11/09,"04:34:59"
"4277322467106",5406,"Nolan Ltd","411813167",3/9/71,"20:27:17","1748757",34.69,0,2.035,2/16/71,"19:26:13"
"2603327631598",2518,"Brakus Inc","840582173",4/25/79,"21:30:23","8157713",81.83,0,2.025,11/21/04,"05:14:18"
"6821229949312",3280,"Bailey Ltd","614182411",11/21/85,"14:04:56","5152282",8.82,1,0.175,4/20/15,"13:21:39"
"8061737206326",659,"Lynch-Franecki","969921731",1/16/08,"16:28:52","4372442",88.06,1,2.78,1/23/86,"15:59:46"
"7829836744842",6425,"Ferry, Ratke and Johnston","417410389",4/11/10,"15:08:38","2711345",63.86,1,0.239,10/14/75,"17:24:57"
"8263068610231",1925,"Abshire-Bahringer","797315100",10/22/98,"07:17:39","8297831",80.27,0,1.166,3/18/95,"03:37:51"
"6951277623266",8158,"Spencer-Vandervort","617880776",10/28/72,"12:32:18","2509873",94.91,1,0.177,10/7/78,"07:31:06"
"0876061378873",9543,"Thompson PLC","201680462",12/24/81,"02:32:41","7849842",84.75,0,0.886,6/3/90,"10:44:52"
"0348730151628",2997,"Brown, Schinner and Hane","221068346",3/23/70,"01:11:03","2663099",36.63,1,2.912,12/14/70,"03:11:12"
"1799838433429",8965,"Rau, Bins and Wyman","510180153",11/4/03,"11:21:11","8461106",43.7,0,0.316,8/13/02,"13:53:57"
"3563656087895",220,"Sauer PLC","25893791",6/14/00,"09:00:12","2314184",41.59,1,0.027,1/24/75,"01:17:17"
"5520388450894",725,"Welch-Becker","382503420",2/2/93,"12:45:46","6684502",29.15,1,0.813,1/10/96,"23:34:34"
"0373313965998",2142,"Herman Ltd","148126108",1/5/74,"13:16:14","5386361",0.49,0,0.949,3/14/91,"20:38:44"
"2123048402989",7820,"Deckow, Padberg and Hilpert","408888667",8/27/83,"23:01:16","1925628",68.44,1,0.465,9/25/79,"18:48:36"
"7905611205901",7350,"Hirthe Group","152674915",5/3/12,"14:04:37","4534073",89.34,1,1.979,12/11/09,"14:17:33"
"6902879412628",8019,"Parisian-Considine","330302371",9/25/90,"20:16:00","3488709",54.18,1,2.7,10/29/09,"18:50:56"
"8625613608835",7868,"Braun, Farrell and Buckridge","963127291",4/20/70,"00:54:20","7156534",22.58,1,0.256,10/30/86,"17:34:11"
"2398882015142",9953,"Prohaska Inc","542812552",9/16/96,"08:30:23","2436134",92.19,1,1.089,10/11/72,"06:30:34"
"9322668901918",6883,"Schamberger-Sauer","468892732",11/18/05,"18:37:18","716129",34.52,1,2.188,12/10/02,"09:16:36"
"1563986338291",8362,"Heaney-Haag","772333389",1/23/84,"17:42:31","3861375",5.03,0,0.538,11/14/75,"02:34:01"
"0066858770865",3263,"Kirlin PLC","136849970",2/15/71,"02:16:35","3150896",14.77,1,2.572,9/5/96,"09:18:31"
"6813514048750",6077,"Pfeffer-Tremblay","855610736",4/6/03,"10:50:10","9693361",50.12,1,0.784,7/23/01,"22:03:18"
"2825562337992",8752,"Brown-Marks","901131967",2/16/76,"19:45:25","4979901",51.49,0,1.585,8/29/77,"04:50:10"
"0801154646781",4489,"Green-Emard","734661879",2/24/02,"00:42:04","9638451",66.28,1,1.888,8/5/89,"22:51:17"
"6329758309445",7202,"Oberbrunner, Lang and Kovacek","71613685",12/15/75,"18:35:16","8578197",39.41,1,1.671,1/27/80,"13:37:59"
"0835108627574",5791,"Will LLC","418865968",9/8/82,"08:47:45","5206148",6.25,1,2.894,12/27/76,"00:25:45"
"4517799053109",4249,"Lubowitz, Crona and Price","337412652",11/4/10,"02:16:07","4906138",49.36,1,2.568,9/9/87,"23:01:12"
"5547517615881",4942,"Gutkowski, Luettgen and Larkin","106769043",3/19/87,"09:35:48","9425444",22.81,1,0.433,11/28/73,"00:48:50"
"6503532326158",6986,"Koepp, Schowalter and Trantow","29416258",3/23/16,"17:26:25","2541689",7.52,0,1.474,1/30/96,"06:52:54"
"5847722385471",7318,"Kunze-Grady","34051050",3/15/16,"06:37:42","7496542",55.06,1,1.915,3/4/99,"15:54:44"
"6885230660469",373,"Johnson, Cormier and Haag","963420955",6/1/70,"14:43:07","5205083",25.78,1,0.487,12/2/81,"18:56:13"
"4513273755548",5034,"Kuhlman, Morissette and Hammes","393412469",7/21/78,"03:01:59","5380539",54.97,0,0.814,3/20/74,"17:32:50"
"5623635735533",4376,"Von LLC","767352252",7/16/00,"20:59:33","6720550",62.23,1,2.909,4/5/01,"09:20:37"
"5646698659932",777,"Koss-Stamm","6388738",3/11/87,"21:18:32","7505253",77.65,0,1.949,9/25/12,"23:21:45"
"9970557199602",3843,"Terry PLC","810616092",10/23/87,"13:19:39","2121052",36.55,0,1.176,9/11/82,"21:15:25"
"1783196667186",5456,"Schmeler LLC","92869591",1/3/80,"07:10:01","4710600",37.4,0,1.326,11/5/95,"16:27:23"
"9441213547250",9000,"Schmitt Ltd","108568369",12/21/92,"09:39:53","23746",80.97,0,0.226,3/10/97,"16:21:54"
"6590302232338",5377,"McLaughlin Ltd","820735882",9/8/77,"10:20:41","79249",41.17,1,0.938,2/20/14,"22:19:35"
"5852870458240",7618,"Mayer, Koss and Nicolas","512619257",3/2/76,"05:19:45","881499",84.93,1,2.701,3/30/85,"15:09:53"
"2623713048801",3623,"Zieme and Sons","590104689",1/3/94,"19:02:53","9609147",16.64,1,0.594,12/3/99,"02:12:46"
"4583321602461",7916,"Crist-Robel","692112722",2/3/07,"19:47:22","56613",59.83,1,1.214,11/2/71,"01:57:59"
"4649084041062",6770,"Stoltenberg Ltd","611534011",1/19/06,"08:58:46","4623376",89.69,0,2.916,12/6/97,"20:27:02"
"8724714804811",6178,"Erdman, Schaden and Von","77402271",7/17/97,"19:19:46","8099077",61.34,0,0.224,2/14/81,"03:59:45"
"6355316875309",3103,"Toy, Lowe and Nitzsche","200354252",7/26/87,"20:45:37","9906368",3.22,1,0.757,11/28/70,"16:03:59"
"9116143621610",5449,"Bailey, Braun and Roob","475746468",7/14/09,"14:06:09","9944103",56.06,1,1.083,10/10/84,"18:32:42"
"4565043452898",9072,"Lakin, Hermann and Collier","344947142",3/24/00,"23:40:10","1418568",75.64,1,1.324,12/14/84,"00:36:09"
"4962179126039",5622,"Heaney PLC","497813746",9/27/09,"14:36:55","7326317",36.94,1,2.403,5/19/73,"02:53:55"
"2234364142633",8060,"Kub Ltd","905203414",2/9/13,"11:02:27","5953127",22.7,1,2.22,12/11/77,"05:49:44"
"0020137321245",1543,"Lueilwitz-Grimes","496117838",11/30/80,"19:26:42","5953023",87.43,1,2.317,4/15/94,"01:24:05"
"2271216878941",5434,"Jerde, Tromp and Wisozk","52324111",6/23/74,"03:35:52","9849023",53.56,1,1.253,11/6/87,"09:25:10"
"5585620563553",2610,"Romaguera-Herzog","762767192",6/14/75,"04:15:36","2065923",82.17,1,0.447,9/11/94,"11:54:57"
"9291464362100",3161,"Raynor Group","956036298",8/5/01,"12:02:32","6070860",37.02,1,1.036,7/1/08,"06:46:37"
"8762990661535",9288,"McDermott, McKenzie and Orn","464862389",10/24/94,"19:16:48","1912896",47.6,1,2.503,5/28/93,"13:30:01"
"6569255727498",9858,"Wolff PLC","34625222",8/15/76,"20:20:11","1040982",10.06,0,2.155,10/28/78,"05:55:02"
"7350277331799",1743,"Veum-Kulas","86678177",6/6/82,"03:18:52","1747786",90.85,0,1.079,6/22/88,"22:34:28"
"4758566167884",2617,"Schulist, Hessel and Batz","769996833",9/8/02,"20:23:31","2053823",98.77,1,2.017,4/12/02,"19:03:50"
"7605957906807",6682,"Nicolas-Reinger","939362506",12/25/12,"13:14:59","367415",6.24,1,2.733,8/1/08,"08:38:02"
"3588008342899",6097,"Steuber Group","486632729",1/8/00,"10:21:38","3097422",41.3,0,0.708,7/24/02,"15:17:10"
"8172876978742",5102,"Price, Macejkovic and Lueilwitz","449867920",7/17/03,"20:11:31","9213684",96.92,0,0.74,11/26/94,"07:10:12"
"9106397780066",3113,"Klocko, Cremin and Gerlach","388121325",8/15/05,"18:49:27","9076734",5.74,0,2.608,6/9/98,"01:26:49"
"0959204501493",3876,"Breitenberg-Rohan","822245982",12/1/95,"16:35:55","7718517",87.63,0,1.369,10/20/98,"12:24:57"
"8938028599785",6004,"Heathcote Inc","939456528",11/2/85,"00:58:56","5485830",99.15,1,2.227,4/6/09,"03:57:01"
"6293881232374",6179,"Gleason Ltd","527651985",9/13/78,"21:33:52","9914600",74.76,1,1.944,3/13/11,"10:17:01"
"8079430757594",7484,"Osinski Group","887364569",10/11/76,"17:11:36","1509537",55.59,0,0.958,7/7/11,"05:43:47"
"2499834487143",3158,"Ruecker-Gottlieb","664641364",3/18/92,"12:51:30","9984580",14.05,1,2.065,4/11/11,"07:48:53"
"3870346467694",967,"Farrell Inc","164067924",12/12/77,"08:06:24","6907016",71.1,0,0.433,9/17/92,"05:02:58"
"4044115760640",2081,"Kshlerin-Mante","380477211",12/14/96,"20:34:25","7348827",46.47,1,1.4,7/2/71,"07:32:18"
"0326646445666",4014,"Shields-Renner","699696660",9/11/70,"04:31:42","467582",46.22,1,2.107,2/19/75,"20:48:05"
"0765989531424",8005,"Funk-Hagenes","419769105",8/8/04,"14:00:12","246023",67.03,0,2.465,11/25/70,"06:02:26"
"2049153239747",7722,"Little LLC","193774573",8/23/08,"04:19:49","9765108",12.17,0,2.52,5/27/16,"13:04:27"
"2994582967735",7050,"Wilderman and Sons","192899368",11/2/75,"07:18:05","6005782",63.01,1,0.662,12/11/98,"08:21:23"
"5055651812619",8663,"Kirlin, Padberg and Beatty","201280483",11/24/10,"04:10:29","9306888",16.1,0,0.04,11/23/72,"15:10:30"
"3218039407597",9056,"O'Keefe LLC","761370271",4/30/91,"06:37:33","9834933",97.44,1,2.398,7/31/14,"15:19:19"
"8121851295115",2671,"Reichert Ltd","442348499",2/26/75,"14:29:40","6209643",20.76,1,1.426,5/24/77,"14:23:05"
"4916152374263",7563,"Gusikowski, Hartmann and Mueller","343862513",2/21/88,"01:07:08","91272",96.32,0,0.102,12/3/93,"05:21:52"
"4772747843040",1120,"Schultz-Swaniawski","638520371",10/17/89,"21:39:22","477904",1.71,1,2.516,1/28/82,"02:02:35"
"0566291858556",585,"Robel PLC","122261723",1/9/94,"04:41:41","2541237",78.94,0,0.382,11/5/80,"09:34:24"
"0607167399693",5481,"Rowe, Labadie and Wiegand","877374925",4/12/13,"08:40:09","558529",68,0,0.213,10/16/80,"15:46:06"
"3191973823957",1795,"Witting-Olson","572427489",5/19/87,"19:32:50","1083420",5.09,0,2.696,2/19/70,"09:16:48"
"6856108251974",1789,"Johns, DuBuque and Ryan","390944626",5/26/01,"08:18:15","6054378",61.52,1,1.349,1/3/83,"22:28:20"
"5844549358726",7886,"Lakin-O'Keefe","401942319",10/6/03,"22:41:58","9726163",99.86,0,1.202,11/13/09,"21:50:50"
"9454425130540",4590,"Wintheiser, Bruen and Skiles","263453353",12/22/00,"10:14:56","719800",80.14,0,2.5,4/29/73,"10:07:10"
"3549688670256",6603,"Deckow Group","976708742",2/3/87,"09:10:18","9014854",55.96,0,0.144,2/23/77,"20:27:44"
"0445266338699",2015,"Kiehn-Connelly","723316947",5/23/85,"20:22:24","9489050",44.36,0,0.301,8/10/80,"00:02:39"
"0550176959940",779,"Larkin-Yost","268510965",5/18/78,"06:20:23","9390890",9.43,1,1.38,8/1/92,"06:09:11"
"3291013878433",2426,"Howell LLC","227801031",1/19/09,"04:06:36","8729911",5.29,1,0.238,11/26/90,"05:04:44"
"6915433307597",182,"Langosh-Rosenbaum","98167650",7/11/79,"06:52:16","2853381",94.21,1,1.986,8/11/92,"16:27:39"
"3320685747232",4341,"Witting Inc","351969099",12/3/80,"20:36:45","7741450",18.94,1,1.939,1/12/96,"01:41:23"
"3849890734562",6455,"Wisoky and Sons","438357473",2/3/82,"02:27:03","8865437",73.17,0,0.493,6/12/16,"16:04:42"
"4135171249452",6632,"Thompson Ltd","265097578",8/20/14,"23:12:36","4738704",92.87,1,0.949,8/3/70,"15:38:05"
"5859221717227",5405,"Rice-Kozey","371562324",4/8/16,"03:52:11","1315866",38.03,0,1.671,4/6/70,"16:34:44"
"9836949317880",4005,"Nader, Gutkowski and Greenfelder","249677976",4/30/73,"10:49:29","4990231",6.79,0,1.272,7/10/16,"02:34:33"
"1702852745571",5991,"Terry PLC","615868906",10/13/02,"01:54:37","1781968",41.59,0,0.442,6/2/13,"12:51:03"
"4996744298855",6453,"Terry-Donnelly","916259012",5/5/72,"01:36:13","9767668",53.39,1,1.24,11/11/90,"18:35:21"
"5339147514136",3812,"Koss-Kuvalis","154213828",5/31/84,"08:26:31","8977091",59.14,1,0.821,12/27/84,"00:27:47"
"5218121031684",2802,"Miller, Rath and Kassulke","709677719",6/16/73,"01:41:41","79450",94.77,0,1.781,2/24/83,"04:07:18"
"9834512219102",8305,"Veum, King and Nikolaus","370095806",10/21/74,"23:26:47","4241172",83.78,1,2.131,2/2/01,"02:53:18"
"5558935378880",3329,"Fahey LLC","379702853",6/13/77,"19:17:36","2978987",87.1,0,2.126,6/27/75,"21:41:14"
"5000018383241",9520,"Dare, Weissnat and Cartwright","176548779",7/27/93,"09:25:10","4458012",99.17,0,2.881,1/15/09,"21:34:41"
"7664635252426",232,"Predovic-Ruecker","143894310",7/5/12,"07:14:41","8577697",65.31,0,0.349,8/24/88,"14:09:17"
"9779974488715",6915,"Windler-Hodkiewicz","114906345",9/25/75,"10:49:56","8165743",53.98,1,2.26,10/17/88,"18:23:21"
"5232095570336",734,"Schowalter-Skiles","382062386",8/15/02,"03:58:30","3025571",44.14,1,2.507,1/19/82,"00:24:33"
"5658175938722",7433,"Jacobi, Corwin and Mueller","527756351",5/28/74,"00:11:49","537112",94.64,1,2.972,5/6/09,"08:57:17"
"8298770270401",792,"Mann, Doyle and Kiehn","373427024",7/9/96,"21:20:27","1329242",69.84,1,0.093,11/3/99,"23:23:39"
"2476616563437",9542,"Collier-Gislason","953290808",3/3/75,"03:22:15","4851356",15.49,1,2.557,1/28/00,"02:02:46"
"7228796476796",6553,"Nikolaus Group","410691037",7/26/11,"09:07:52","2958919",27.57,1,2.037,1/22/76,"02:30:25"
"9856128311406",9060,"King Inc","117903959",11/22/76,"22:40:34","7889166",81.66,0,2.497,3/23/08,"04:24:29"
"0207481212595",899,"Romaguera Inc","931570505",10/31/81,"11:17:17","1367766",10.93,1,0.413,1/26/72,"00:15:55"
"0565022826439",3648,"Kuhlman, Anderson and Eichmann","277785781",12/13/77,"15:25:17","6981955",41.32,0,2.539,4/4/07,"11:45:31"
"3915946183431",6500,"Schumm Inc","623766232",5/13/11,"18:43:30","5110116",30.76,0,0.895,8/2/98,"15:14:39"
"5240082162869",2817,"Collier PLC","502321348",10/21/01,"19:46:46","6360626",57.65,0,1.266,2/15/95,"02:11:58"
"2621302148736",771,"Greenholt-Erdman","473265802",1/29/84,"13:45:20","6434645",59.21,1,2.342,12/14/92,"17:11:58"
"6023432141067",1602,"Barrows, Baumbach and Windler","283959965",7/10/05,"02:59:35","9299404",90.49,1,0.701,9/14/02,"15:53:11"
"6342127556656",1469,"Shanahan, Reinger and Mertz","969378578",4/5/72,"23:12:20","1738423",83.22,1,2.914,3/13/75,"05:03:45"
"4338698616009",6589,"Cassin, Wilkinson and Gorczany","359348398",1/29/97,"16:57:53","3941333",79.89,0,1.282,7/15/09,"08:55:50"
"7692197853295",3530,"Davis, Gerlach and Friesen","67049114",6/30/00,"15:56:33","1421276",71.72,1,1.921,5/21/03,"02:51:38"
"0070586153781",6489,"Miller Inc","790723581",4/28/76,"04:12:42","5993156",51.4,0,2.324,3/12/03,"21:14:56"
"5806836269694",3266,"Block PLC","552511859",1/29/01,"00:24:35","6218433",53.63,1,1.531,2/5/89,"06:32:27"
"2246266618358",9088,"Herman-Wilderman","67687716",11/4/84,"07:11:44","6212484",79.92,1,1.105,12/3/93,"12:34:39"
"8400047145261",5648,"Gusikowski, McDermott and Wyman","443627979",7/2/87,"07:12:45","6824650",43.75,0,1.046,6/4/88,"12:26:35"
"9953234141025",5608,"Littel, Cruickshank and Shanahan","615522588",8/20/73,"18:04:13","6588641",38.99,0,2.043,12/13/95,"11:38:00"
"2418434948901",7254,"Hane-Runolfsson","962938442",11/17/06,"11:45:00","481625",51.56,1,0.194,5/9/74,"22:27:43"
"8730649014608",413,"O'Kon, Langworth and Grimes","144567230",1/9/07,"22:06:48","9702879",23.24,0,0.152,10/13/05,"09:34:18"
"8569200552276",7909,"Willms PLC","155388492",12/9/08,"13:52:52","6835777",46.57,1,2.293,10/20/14,"23:56:59"
"3184772101243",1402,"Leannon PLC","90216788",4/15/78,"22:49:52","1953709",34.61,1,1.785,2/8/94,"05:54:19"
"0783266544787",5779,"Gerhold-Kozey","514683598",4/15/98,"04:40:54","3536957",75.35,0,2.423,12/14/95,"08:35:21"
"0501625996829",2670,"Bahringer, Spinka and Reichel","535208761",7/17/87,"07:17:57","6535654",77.38,0,0.794,9/9/15,"04:52:59"
"1521397080587",5513,"Keebler-White","480203806",2/18/93,"16:06:43","5276907",55.39,1,2.246,3/17/77,"16:00:01"
"4512824519951",8701,"Champlin PLC","81789544",4/18/82,"04:04:03","8739651",49.59,1,2.005,7/8/98,"19:15:43"
"1671904206717",4362,"Hoeger, Fahey and Marks","597774369",10/14/78,"20:46:53","4125043",17.22,1,1.676,5/9/70,"03:16:40"
"7186674230176",9861,"Stokes and Sons","29163459",12/29/71,"23:30:54","3722174",84.52,0,0.825,2/6/78,"05:59:56"
"8436339887961",5003,"Connelly and Sons","530046934",12/16/08,"10:06:53","8042149",67.56,1,1.06,1/14/98,"21:38:24"
"3595915816873",2631,"Yost-Kuvalis","77303431",9/17/85,"00:33:49","1546630",57.35,0,2.456,2/6/05,"01:04:32"
"1919763956826",4065,"Hansen, Crona and Moore","65704660",6/25/70,"12:32:22","6941891",51.57,0,2.829,1/3/03,"09:51:45"
"6544402206293",6933,"Rowe, Cronin and Dach","927332223",8/11/00,"21:12:35","725458",1.65,1,0.921,12/24/97,"19:37:25"
"4051698510660",3050,"Effertz PLC","901938972",3/26/73,"13:28:28","4120419",97,1,1.226,2/27/83,"16:48:17"
"7924567348473",3345,"Gibson-Simonis","489231744",12/27/08,"17:37:03","752734",91.79,0,2.397,2/27/16,"07:23:44"
"6002651752538",76,"Brakus-Thiel","958460961",9/10/71,"06:36:30","3704085",15.5,0,0.27,9/22/98,"23:34:10"
"9538708064051",978,"King-Effertz","761192798",11/18/81,"16:35:56","3961776",64.92,1,0.074,5/26/82,"21:33:37"
"3219165882687",8787,"Zemlak, Considine and Reinger","938781013",1/14/01,"19:02:42","9568211",88.16,0,0.727,11/9/76,"16:26:28"
"7693548459099",9424,"Prosacco-Gusikowski","379294577",10/14/03,"06:26:05","2630024",61.63,1,2.962,12/13/88,"23:20:43"
"1658832277480",484,"Klein LLC","793140284",6/11/12,"17:53:21","1276141",98.14,1,2.096,1/29/97,"06:11:39"
"3722132314006",9303,"Grady, Veum and Shields","662301585",8/10/82,"16:37:59","4342186",6.04,1,0.688,6/7/91,"20:58:18"
"8946874778511",7866,"Mertz, Yost and Metz","90812687",5/5/85,"23:00:39","8760323",58.13,1,1.677,7/23/75,"14:47:31"
"6075366065145",7211,"Miller, Sawayn and Lowe","370385230",4/22/82,"23:34:08","4908831",99.84,0,0.343,1/20/16,"22:20:25"
"5381308357872",9505,"Jaskolski-Veum","863773254",10/20/86,"06:45:10","4286628",15.73,1,1.356,10/1/71,"03:02:03"
"8407536149036",5782,"Strosin-Parisian","579817813",4/27/88,"07:20:05","1030262",12.81,1,2.175,9/30/11,"05:01:35"
"0695439727707",8158,"Hamill, Gutmann and Mills","321645580",5/1/78,"14:31:51","9625814",95.62,0,1.186,5/9/90,"11:33:19"
"7761550601020",2120,"Jacobson, Gaylord and Swaniawski","26385364",9/13/92,"02:58:35","7989900",39.72,1,0.9,9/22/07,"14:08:55"
"2887205722219",8180,"Wilkinson Inc","4357538",9/2/12,"09:30:31","6172685",11.56,0,1.472,10/1/94,"15:09:07"
"8413573400889",9678,"Breitenberg Group","744111419",4/17/91,"11:11:11","7644719",68.46,1,1.928,8/30/03,"18:33:41"
"0872216280003",2121,"Rolfson PLC","659996648",11/5/11,"21:57:15","5267906",22.56,0,1.484,4/17/00,"09:22:02"
"7299789789026",3084,"Kuphal-Towne","977671444",4/2/06,"04:30:37","668906",46.67,1,2.732,7/8/71,"08:02:34"
"1417669976233",9878,"Will, Hessel and Hoppe","361281149",10/20/72,"07:13:28","5444368",66.22,0,0.248,10/29/04,"08:08:57"
"8529144952180",2048,"Abshire-Gutkowski","858402830",10/21/72,"21:51:50","9862101",78.7,0,1.568,8/30/95,"13:30:17"
"3109098277153",2473,"Runolfsson-Hane","331568693",11/14/01,"01:51:15","7731155",31.46,1,0.324,12/13/09,"14:10:26"
"3357559678490",5574,"Morar PLC","425926052",1/23/81,"09:58:17","341742",7.39,1,1.4,5/9/04,"01:43:33"
"9796496079749",8485,"Turcotte-Gaylord","19000194",11/23/72,"00:20:30","2489052",43.58,1,2.724,5/13/83,"16:50:26"
"6101845108203",9011,"Little-O'Connell","380475061",8/19/96,"20:53:02","9575894",27.92,0,1.883,3/10/15,"07:52:22"
"6542545701567",2609,"Dach PLC","654154645",3/17/14,"09:28:04","9399756",51.25,0,2.468,7/22/82,"23:34:57"
"9093749682929",3938,"Schuppe-Braun","895339140",1/22/93,"10:11:14","4148307",19.62,1,2.331,3/2/88,"14:00:34"
"0082537180877",54,"Lakin Group","833463371",11/1/83,"07:11:10","3075711",60.3,0,2.38,2/5/96,"16:58:16"
"1969478278753",6041,"Hamill, Ritchie and Parisian","392072204",3/17/72,"18:48:39","1698777",95.4,0,0.547,8/14/91,"13:18:32"
"4127065537033",6376,"Armstrong, Lynch and Haley","698698326",3/9/74,"04:06:39","6247490",22.95,1,1.545,7/4/96,"05:44:47"
"6079329985959",9811,"Armstrong PLC","521693862",3/9/11,"05:48:06","9942213",0.7,0,0.204,8/26/03,"08:31:23"
"4646086892011",6397,"Morar, Hane and Kreiger","81003027",9/13/16,"14:22:07","2583966",96.92,1,2.765,11/23/82,"08:30:18"
"3453891245198",1155,"Jakubowski-Hyatt","160632810",1/2/85,"05:58:48","65243",10.32,1,0.643,4/10/71,"10:49:40"
"2189073833830",3896,"Morar and Sons","286359515",8/24/03,"12:03:56","7456599",4.28,1,2.015,7/30/71,"22:02:52"
"2844773131400",2019,"Schmitt Ltd","771530903",3/15/70,"09:41:04","5284153",62.64,0,1.928,3/1/77,"11:27:51"
"7475393241394",3353,"Greenfelder-Daugherty","915776940",2/2/98,"02:43:36","3784592",46.67,0,0.073,2/16/11,"19:27:03"
"9130544330476",5697,"Heidenreich Ltd","560706837",10/13/96,"19:22:18","7011899",94.67,1,2.947,5/16/78,"20:29:16"
"0483149298129",1672,"Crist, Kessler and O'Connell","167962361",10/1/97,"21:19:28","6296107",42.62,0,1.171,7/21/88,"00:03:20"
"1868427883083",4243,"Kerluke Group","835806299",8/1/04,"04:38:55","714911",37.34,0,0.398,2/10/04,"22:44:27"
"0877302791968",3788,"Bednar-Rau","533726351",3/19/10,"15:36:44","4372286",94.1,0,1.696,1/5/01,"01:45:19"
"0837006748918",3516,"Kuhn, Robel and Cartwright","992863867",1/29/72,"03:31:10","980266",59.64,0,1.042,9/23/71,"06:26:07"
"6749892867779",7959,"Zieme Ltd","974994261",12/22/85,"17:41:30","9187896",2.42,1,1.763,7/18/98,"07:01:30"
"2245229077986",5885,"Ruecker-Altenwerth","786611627",1/4/75,"05:03:06","8277637",56.92,1,0.542,1/6/90,"16:37:02"
"2553182176811",9106,"Weissnat-Raynor","366656800",1/6/80,"04:35:42","2569907",96.54,0,1.79,9/22/14,"09:03:59"
"3045954965379",757,"Mayert, Feeney and Brakus","772789917",10/30/91,"12:18:31","8701222",60.08,1,0.025,10/15/73,"06:10:09"
"8887456798060",8255,"Franecki-Fay","105512500",5/29/70,"17:43:21","3072577",4.56,0,1.75,10/2/87,"06:49:05"
"8578000818816",8626,"Hoppe Group","831470842",3/22/90,"07:45:29","5448826",10.07,0,2.346,11/14/08,"17:54:03"
"7821052841299",2010,"Ruecker Group","40350499",11/30/12,"01:18:10","6623841",86.17,0,1.627,8/20/12,"00:32:15"
"8125817655908",4775,"Powlowski-Bahringer","26745604",1/13/15,"07:56:29","7015062",4.82,1,1.914,3/16/07,"08:03:54"
"6241233940300",7065,"Mueller-Rath","219409409",2/14/92,"02:44:55","5002155",17.2,1,2.556,12/10/86,"07:04:39"
"3753684892769",7190,"Steuber-Luettgen","57174791",1/21/89,"15:56:41","5075820",50.32,0,1.549,11/24/76,"21:02:53"
"6311175667091",8903,"Buckridge, Stehr and Smith","616589413",7/10/03,"08:17:18","3066074",27.71,0,0.175,9/7/77,"13:44:59"
"0130191060877",7088,"Bode, Keebler and Welch","777794987",1/29/84,"02:25:53","7748137",39.4,1,1.791,10/9/01,"23:10:28"
"8807002069359",4281,"Schimmel and Sons","238593314",2/13/03,"12:44:21","4952422",11.1,1,0.99,5/12/16,"02:49:07"
"9058001377329",9242,"Heidenreich-Jaskolski","410711085",11/27/98,"06:17:38","10580",4.47,0,1.462,1/18/02,"00:10:32"
"3431675317702",8076,"Corkery-Schimmel","903108743",11/5/00,"14:12:56","3585255",93.41,1,2.609,12/16/04,"23:09:27"
"4026246640526",6652,"Kreiger LLC","811246283",12/13/06,"09:34:32","6390250",51.41,1,0.347,12/9/80,"20:37:27"
"8491207524228",2654,"Dooley-Anderson","792270658",1/25/84,"22:58:40","4668127",40.71,0,2.736,11/19/79,"12:10:45"
"6073528159771",6274,"Champlin-Thiel","266647286",3/6/97,"05:30:00","6587364",2.1,0,0.747,3/7/75,"04:58:26"
"3473109358022",965,"Oberbrunner-Kshlerin","535904878",6/22/95,"09:21:28","3627384",80.72,0,0.927,7/13/00,"13:58:26"
"7312054149544",4713,"Kuvalis-Fadel","855412992",7/30/77,"11:02:56","8293657",69.06,0,0.459,7/10/85,"13:08:02"
"5792284256254",8474,"Gislason, Hand and Heller","525590487",4/15/01,"06:57:00","7133542",37.94,1,1.626,3/14/93,"23:50:30"
"5795866579534",3704,"Parisian PLC","516162937",9/21/16,"06:15:32","6111989",15.72,1,2.05,3/7/78,"02:54:21"
"3587878497599",9416,"Johns, Crona and Tremblay","352871661",8/25/10,"13:12:00","5657481",90.88,0,0.401,12/3/11,"11:17:31"
"3664523126932",2341,"Price Group","33612005",4/3/71,"23:31:57","8040281",14.3,1,2.887,12/31/96,"05:18:38"
"0829462200039",4417,"Gerhold Ltd","930376854",3/17/80,"19:14:09","4780206",29.22,1,0.024,11/12/99,"01:43:20"
"9335773325490",6678,"Cummings-Botsford","991468105",9/24/74,"20:11:47","3563672",72.28,0,2.181,7/12/72,"04:28:19"
"8172890199426",7708,"Stracke Group","720754226",5/7/90,"18:03:58","2119276",47.33,1,0.335,7/26/08,"04:39:52"
"5505027134751",3990,"Swaniawski-Roob","451198390",9/10/79,"17:36:00","2843952",14.45,0,0.934,7/28/97,"22:23:32"
"3317756532954",7956,"Sanford and Sons","102642130",3/27/07,"21:17:40","5597094",12.58,0,2.016,3/5/06,"23:15:29"
"9544642230884",5057,"Douglas-Kutch","703671397",11/8/15,"00:16:05","4872703",86.71,0,0.167,8/15/89,"12:22:15"
"7242805686596",1034,"Harber, DuBuque and Quigley","863797369",1/1/84,"21:27:44","8543603",16.95,0,2.912,5/1/08,"08:23:42"
"6044719431562",6645,"Wilkinson, Erdman and Douglas","309974620",9/16/08,"21:12:13","335329",67.32,0,0.581,3/19/75,"21:48:42"
"7004189887070",6951,"Schimmel, Cummerata and Powlowski","95345593",11/29/01,"09:08:30","9731312",11.59,0,0.96,4/10/14,"04:55:08"
"8822401578725",5373,"Powlowski, Schowalter and Rowe","945367305",2/10/78,"05:14:54","6202366",21.64,0,0.27,3/23/99,"20:55:46"
"8802054066415",9142,"Mayert-West","808118572",10/9/81,"01:51:09","1302946",97.66,0,2.952,5/14/81,"03:03:39"
"1174653021547",3146,"Pagac, Sawayn and Reinger","814145534",10/16/86,"22:04:42","3486264",90.99,0,1.474,2/14/80,"19:19:43"
"6402551078096",3903,"Yost-Purdy","449919752",12/9/97,"07:55:35","8449517",17.53,1,1.28,3/17/79,"00:50:35"
"9050112319055",7123,"Glover PLC","940286793",8/15/71,"08:47:09","8535138",84.84,1,2.263,12/6/13,"04:04:52"
"0933508808867",6243,"Mertz PLC","26555198",8/15/81,"01:52:43","9505718",49.28,0,1.082,12/23/79,"14:29:38"
"2622460245341",7770,"Anderson-Pagac","206318096",11/17/93,"10:25:07","20560",15.83,1,0.593,6/11/88,"07:51:54"
"4378375993463",2458,"Russel PLC","552518066",5/3/77,"17:27:37","7194155",63.99,0,1.238,3/24/93,"04:15:05"
"1776628129735",2930,"Welch, Maggio and Schroeder","184705644",4/17/93,"07:55:27","49789",3.42,0,2.991,12/11/02,"07:14:47"
"0727007433088",8906,"Funk Ltd","807281371",1/20/89,"21:58:32","2452024",16.84,0,0.554,6/1/04,"15:37:36"
"1197206371549",6970,"Crist-Lockman","873670447",11/14/00,"14:48:31","6498872",5.56,1,2.557,7/7/15,"23:18:17"
"0494940167526",4437,"Batz-Wiza","154592411",3/11/12,"12:28:44","7094568",63.05,1,1.445,3/2/89,"21:06:16"
"4917821689588",1849,"Klein-Romaguera","465205754",8/4/96,"22:18:26","8259495",30.56,1,2.141,2/23/01,"19:49:59"
"5762676347161",9353,"Kilback-Lemke","595365298",7/13/13,"00:32:54","759883",23.73,1,1.087,11/14/79,"22:04:39"
"0669765484146",4168,"Schinner Inc","508978851",11/30/12,"16:57:15","3993171",39.15,0,1.603,2/21/83,"09:51:54"
"1484642638101",2646,"Jacobi, Murphy and Wiegand","960932007",6/14/80,"06:12:49","6044353",98.44,0,2.009,6/23/08,"16:59:28"
"9925226903640",35,"Witting-Conroy","10519995",9/29/82,"06:08:24","4445895",5.89,0,1.417,2/17/00,"14:47:27"
"4884564062039",5865,"Simonis, Balistreri and Boehm","863583656",9/30/79,"10:55:36","9423770",75.42,0,1.329,2/5/91,"19:27:10"
"6820269066704",6649,"Strosin Inc","927484972",1/26/75,"06:58:43","7262022",1.76,1,2.214,10/6/89,"10:31:33"
"3596649842772",1974,"Kohler and Sons","957997356",7/14/88,"15:20:31","3876614",87.98,1,2.526,2/1/72,"14:35:22"
"3853320497329",5129,"Cummerata-Grant","520392254",7/8/02,"05:22:07","4174138",83.75,0,2.558,11/30/97,"15:28:32"
"7216557687453",908,"Olson-Konopelski","312477451",8/30/91,"22:52:54","1574592",22.24,1,2.619,6/20/81,"03:15:49"
"8723040569975",3680,"Kerluke LLC","956303707",4/18/89,"15:45:34","511880",43.13,0,0.728,9/3/12,"23:39:36"
"5253328257287",6908,"Johnson, Krajcik and Schulist","575295631",8/30/84,"14:52:28","7258266",91.58,0,1.834,5/21/77,"01:21:10"
"0329019292996",5863,"Cremin PLC","388043517",2/23/84,"22:51:51","8864813",98.5,0,0.802,6/7/82,"17:56:16"
"9226772054282",9164,"Ondricka Group","176020677",10/26/03,"22:33:19","4103649",37.04,1,2.203,5/20/91,"19:38:24"
"6460039041734",209,"Renner, Price and Rolfson","122769600",11/11/94,"22:38:19","1559330",41.6,1,0.219,8/9/78,"11:57:43"
"6011846410015",9277,"Rogahn PLC","795867421",6/1/13,"14:29:29","7546482",88.9,0,0.322,11/25/98,"21:57:59"
"7507623164094",8194,"Frami and Sons","655887147",5/23/03,"22:38:08","305205",84.07,0,0.4,8/9/97,"00:12:39"
"8339497357950",3553,"Von Group","472044215",10/3/04,"18:08:33","41361",45.04,0,1.532,3/3/95,"01:40:56"
"8468819072738",9325,"Ratke, Cartwright and Schmidt","984391105",9/7/76,"00:57:57","5157334",10.61,1,1.182,6/8/81,"06:17:55"
"1319718899032",4562,"Cremin, Grimes and Casper","78736001",7/28/88,"13:01:44","1074056",9.27,1,0.593,2/20/74,"07:12:32"
"0931337198922",4134,"Raynor, Ondricka and Heathcote","301703694",9/1/80,"21:36:12","8319355",62.99,0,1.335,5/8/90,"07:09:43"
"3220636284082",2141,"Lind-Kunze","365335484",7/16/70,"08:22:54","1994004",86.63,0,2.747,11/27/72,"15:29:01"
"2184223731375",8334,"Deckow-Collier","692768068",1/1/10,"06:39:17","5542925",15.25,0,0.059,5/2/00,"16:41:56"
"2153784671195",5570,"Hilpert-Kerluke","442685907",4/10/07,"21:21:03","5213893",68.89,1,0.484,3/29/86,"05:42:32"
"4325990786584",4130,"Kertzmann-Gulgowski","421638406",6/8/02,"06:55:22","8467178",37.52,0,2.775,1/14/92,"18:06:21"
"7445909886767",4193,"Deckow, Kihn and Ryan","398072316",3/5/16,"23:56:33","2039815",80.8,1,1.796,3/23/93,"21:25:44"
"4683007712619",3473,"Torphy and Sons","812790008",6/15/94,"08:32:53","6283197",48.4,0,1.073,11/3/72,"05:28:12"
"2454366275039",9624,"Bogan, Hammes and Abshire","805429964",1/12/98,"03:36:11","4131009",44.17,1,0.66,5/15/88,"12:46:56"
"8201532306724",5015,"Bergnaum-Ebert","587669231",12/22/97,"15:28:08","5758099",94.88,1,2.971,12/20/14,"17:55:11"
"5257423769895",8838,"Spencer-Barton","571558913",4/20/13,"21:59:15","8778327",29.78,0,0.921,3/18/09,"11:44:51"
"4859599826594",8380,"Toy-Adams","238779561",12/12/76,"02:04:27","425530",64.98,0,1.772,3/29/16,"23:56:42"
"2027067638232",6419,"Zemlak, Klocko and Lowe","469867060",8/15/80,"02:29:47","9406562",25.18,0,1.672,12/19/89,"15:52:45"
"6171070678487",1912,"Mosciski-Heaney","838041954",10/6/71,"00:21:02","7056236",66.98,1,2.832,8/28/02,"07:55:34"
"6793351631241",8064,"O'Kon, Emard and Ondricka","89386855",6/13/08,"02:18:36","1949780",71.37,1,0.712,1/30/15,"13:28:32"
"4988291293641",8707,"Schaefer-Schaden","930769583",12/5/74,"00:01:06","5349971",82.82,0,0.292,5/17/94,"08:14:11"
"3125539064559",5001,"Jacobs Inc","463232440",3/18/07,"21:12:15","6203715",6.13,0,0.225,12/27/85,"02:12:27"
"6180433299494",6937,"Gutkowski, Bartoletti and Collier","294214383",1/11/81,"22:54:41","3075447",39.18,1,1.421,6/23/73,"07:37:12"
"1995833192770",1079,"Simonis-Smitham","442273832",8/16/04,"06:40:13","2128919",10.94,0,2.255,3/6/85,"16:31:11"
"9662064637899",6799,"Rodriguez, Dare and Collins","902924214",7/12/72,"13:05:22","8769363",97.26,1,2.732,2/22/07,"19:52:30"
"1479730447662",6645,"Rutherford-Feest","500923317",11/19/02,"12:54:16","1906969",69.64,0,2.807,9/28/81,"17:09:59"
"2016916384825",3126,"Block-Borer","335583373",3/25/15,"00:46:29","7425191",58.19,0,0.34,1/21/92,"15:54:40"
"9546133799868",1304,"Lesch PLC","336891833",3/14/07,"20:49:24","7700937",66.06,1,2.798,9/30/73,"21:24:34"
"2949024268427",4233,"Veum-Klein","445917671",8/6/77,"00:31:07","5420604",39.27,0,2.483,6/6/08,"18:11:38"
"9984595258086",7103,"Gerhold PLC","862872633",5/19/91,"22:02:05","8645545",31.74,0,2.655,3/21/10,"06:13:58"
"3806121581810",8346,"Hintz, Wisoky and Macejkovic","840267116",2/23/95,"06:23:46","8542931",74.92,1,1.624,7/14/82,"05:07:17"
"5744467454267",8783,"Casper, Treutel and Kozey","141339950",11/28/92,"04:33:45","8509308",2.79,1,1.279,12/29/12,"22:00:42"
"0223190031188",7884,"Ortiz, DuBuque and Thompson","714140653",11/5/05,"01:09:30","2658365",73.61,1,2.223,1/17/82,"15:54:41"
"0961655277356",7677,"Crona, Roob and Walker","19316703",9/29/93,"10:07:12","6056735",2.74,1,0.365,12/9/73,"18:59:09"
"5580528290952",4644,"Hilll, Stroman and Runte","351687421",4/5/70,"05:38:43","9092390",66.05,1,1.394,12/30/94,"13:33:01"
"7643135982018",8072,"Corkery PLC","695721092",2/9/94,"20:13:06","4512643",39.27,0,1.247,9/6/76,"22:45:40"
"2985715363961",1549,"Jacobs and Sons","838726281",11/19/04,"07:02:32","5378491",64.25,0,0.073,10/2/97,"21:34:54"
"1169219825804",191,"Thompson, Auer and Kirlin","182017664",9/7/84,"12:49:14","2222797",25.23,1,0.595,11/30/72,"23:03:35"
"9108833839378",6841,"Grant-Leffler","717600116",6/29/00,"04:30:05","6238889",5.03,1,0.913,10/29/03,"00:13:04"
"2296222832377",2304,"Langosh-Ankunding","359288366",6/30/88,"02:53:30","5597229",74.87,0,2.011,12/2/92,"04:51:46"
"3414613880244",9691,"Macejkovic, Ernser and Tillman","64151397",2/16/10,"04:31:09","8385144",58.36,0,2.792,12/13/07,"01:51:32"
"7851402936151",1166,"Beahan, Schowalter and Toy","634802278",1/19/94,"09:45:10","4662805",15.14,1,1.012,9/13/92,"20:26:26"
"1405483883628",2569,"Kshlerin-Blanda","417249480",9/9/11,"20:34:49","6984954",88.06,0,2.446,7/31/77,"19:17:47"
"9279109506886",9786,"Rath, Price and Stiedemann","538859629",2/11/74,"06:40:33","3577430",13.3,0,0.769,4/6/09,"17:30:28"
"0328427979817",436,"Hilpert, Hayes and Rohan","441298428",8/23/86,"08:14:01","2118280",36.34,0,0.908,8/12/72,"23:59:51"
"0141149757427",4043,"Johns-Yundt","388795698",10/27/01,"04:51:55","3957017",93.35,0,0.962,3/25/86,"14:44:27"
"5406317899454",7359,"Armstrong-Gerlach","864765167",11/15/90,"13:20:15","5591700",93.39,1,2.847,5/16/92,"13:06:12"
"4491857209659",5254,"Schaefer-Kihn","592560949",8/7/87,"23:16:27","690910",58.38,0,2.299,8/20/08,"08:01:20"
"6367721857445",3325,"Bode Group","294081672",8/30/80,"02:58:30","3447984",59.78,1,1.697,10/30/15,"14:01:09"
"2150308825793",4932,"Medhurst LLC","77590920",9/26/97,"04:42:04","3051516",47.84,0,0.638,12/10/99,"12:44:31"
"2841677928043",1664,"Goodwin, Willms and Schumm","961272111",5/25/72,"23:11:30","8134399",87.79,1,1.776,7/1/13,"17:49:09"
"2309920121119",3505,"O'Connell, Bernier and Rowe","565966548",3/25/92,"11:06:38","6093482",98.86,0,2.734,4/26/94,"05:40:44"
"8143220111510",1104,"Carroll, Fahey and Green","647556493",1/3/77,"14:49:14","4515895",60.31,1,2.171,12/29/94,"12:37:35"
"5857226086011",5476,"Lindgren, Zemlak and Wunsch","602835068",8/13/09,"06:42:04","1721379",90.15,1,0.51,9/4/05,"21:33:15"
"2166236300159",6577,"Lueilwitz, Stracke and Bauch","553582167",11/16/82,"14:22:25","9404379",95.88,1,1.208,6/16/00,"23:43:55"
"4406356223889",8331,"Ernser-Pfannerstill","376202293",1/28/89,"19:01:02","7979270",27.66,0,1.301,4/6/16,"08:01:19"
"9173176296809",7899,"Collier, Hirthe and Casper","175987326",4/16/11,"09:57:43","5830500",45.3,1,1.242,7/15/92,"23:32:00"
"5160240248153",7861,"Gerhold, O'Hara and Renner","418199530",5/4/78,"23:24:22","1958164",77.04,1,2.327,4/2/70,"09:20:15"
"6421452960327",2541,"Kirlin PLC","440890821",12/31/11,"11:27:53","8929607",27.46,1,2.127,1/27/15,"16:53:20"
"0575552345356",3066,"Corkery, Ruecker and McKenzie","481792663",8/17/03,"05:49:40","7283827",79.95,0,1.226,4/7/04,"00:29:47"
"0381478228007",567,"Crist-D'Amore","297696230",8/8/83,"10:59:34","7641288",59.96,1,2.173,1/23/86,"13:26:28"
"4851047258296",8415,"Lehner, Carroll and Sipes","258186098",2/21/97,"19:48:37","3092286",89.35,1,2.875,1/15/04,"13:40:43"
"1887791940159",8333,"Reilly LLC","190120694",5/18/87,"00:37:15","9126347",77.3,1,1.889,5/4/81,"10:17:57"
"0748461209423",7164,"Collins, Mitchell and Kerluke","340564806",5/23/98,"20:15:28","1458288",7.19,1,1.024,2/24/12,"04:10:16"
"2496110128279",939,"Pfeffer, Greenfelder and Collier","901325563",7/20/80,"12:49:44","5837328",35.61,1,1.025,3/15/95,"18:35:48"
"2870732182546",30,"Jenkins-Koch","923148125",9/28/76,"12:04:55","7920576",8.06,1,1.101,12/16/74,"21:20:11"
"7623841671119",1535,"Howe-Borer","505755003",12/29/05,"20:10:15","2594843",10.36,1,0.763,3/31/77,"11:57:22"
"2221414709051",7119,"Marquardt, Fadel and Wolff","416522148",12/6/09,"12:55:25","6194452",16.7,0,2.21,1/8/74,"10:59:34"
"9400677371959",1477,"Larson-Bashirian","111637940",7/30/94,"06:10:40","519702",24.09,0,2.104,12/15/98,"10:54:21"
"3408307323594",2969,"Lang and Sons","494473622",9/23/97,"07:20:00","9356517",7.69,0,2.15,6/19/70,"22:52:58"
"6192294631816",1054,"Brekke, Klocko and Baumbach","436055302",12/16/94,"11:53:04","6064170",92.77,0,2.28,5/26/94,"23:02:56"
"9157923775596",3489,"Larkin Inc","164471896",11/19/12,"10:21:14","9359457",36.43,1,0.687,3/5/11,"13:27:56"
"3070123320964",677,"Rath, Wiza and Russel","820408034",7/19/89,"03:22:06","9348511",72.17,1,0.861,9/28/09,"18:55:55"
"7516108616285",9913,"Gibson-Dibbert","742856630",2/11/08,"23:54:03","3090900",90.86,1,1.84,10/28/05,"02:05:32"
"8180173808646",6807,"Koepp-Mante","139707543",1/20/04,"15:47:28","3637204",82.67,1,2.005,3/24/73,"19:57:51"
"5159079346003",1883,"Ondricka LLC","542727516",6/8/06,"21:29:10","8097427",72.38,0,1.096,1/31/04,"21:55:00"
"9661801233968",3153,"Ward-Wehner","659779123",12/2/13,"00:29:34","1549491",25.32,1,2.044,3/6/00,"03:29:09"
"4015309004956",7909,"Satterfield-Cruickshank","922491251",7/13/88,"22:10:27","4270409",6.76,0,0.785,3/25/75,"10:58:35"
"4955714202768",3047,"Collins Group","895775925",3/22/09,"15:38:37","8281261",25.54,1,2.833,2/3/81,"11:18:30"
"1802870853200",377,"Green, Schumm and Kris","380145058",3/24/91,"10:06:00","2819892",55.55,1,2.444,9/4/79,"22:36:36"
"5388369137450",849,"Zulauf-Kassulke","513572559",5/28/09,"07:34:34","5813733",28.18,1,2.025,4/20/85,"00:12:43"
"7467452168018",5926,"Toy PLC","487263940",10/13/05,"14:06:58","1092955",0.04,0,0.091,6/22/81,"17:11:54"
"6944675725517",5895,"McGlynn, Goodwin and Dooley","7858075",11/4/88,"09:52:37","92902",68.51,1,0.673,1/29/89,"08:03:48"
"6471271625555",4177,"Marks, Streich and Marks","410168588",12/25/92,"21:48:20","4399266",88.95,0,2.548,11/1/84,"11:58:21"
"0966612577187",3776,"Kunze and Sons","334998158",4/11/79,"13:11:15","5629966",84.39,0,2.895,11/6/81,"21:45:50"
"4570264019199",366,"Howe, Rempel and Klein","310600488",8/4/89,"20:19:41","3191375",29.17,1,0.505,8/16/16,"21:35:32"
"9470822837687",7097,"Corkery Ltd","814915406",12/7/95,"19:58:15","295659",12.93,0,2.295,10/15/85,"16:37:25"
"0866100366965",9081,"Johns LLC","233111800",1/22/89,"07:01:40","5221012",37.76,0,0.36,7/28/95,"21:12:57"
"9446131755696",2022,"Kohler LLC","521178215",7/3/78,"21:26:22","9035193",43.32,0,0.469,8/22/85,"22:18:47"
"3943583081309",4433,"Wilderman PLC","529884815",7/27/09,"10:45:55","1054812",11.33,0,0.096,10/27/74,"01:08:16"
"3389583601699",2314,"Runte-Stokes","703970270",1/9/00,"06:36:35","4076628",21.79,0,2.058,3/7/09,"18:21:50"
"1340904046033",7560,"Nienow, O'Conner and Bashirian","919058656",12/26/01,"22:57:51","1789574",72.01,0,1.821,2/25/02,"23:00:52"
"2305621872071",6551,"Wiegand-Berge","961437692",2/6/77,"01:47:23","4251147",60.36,0,2.822,7/21/77,"06:00:13"
"0723668380715",7365,"Stroman-Nicolas","810053723",8/2/95,"08:51:19","7619152",69.71,0,1.359,8/12/76,"10:43:08"
"4627722628773",8176,"Stokes, Kunde and Greenholt","842350789",9/7/10,"23:19:40","9116973",18.66,0,2.22,4/9/05,"14:35:49"
"4587791368022",9487,"Lubowitz-Bradtke","22110122",6/22/11,"03:18:12","4826788",56.17,0,0.723,1/31/79,"08:56:51"
"6102188619264",3697,"Dicki, Shanahan and Hahn","495665181",7/24/96,"12:15:46","5812983",72,0,2.893,5/24/12,"11:58:34"
"5723247986768",5598,"Stamm PLC","103303764",9/6/95,"05:28:17","7308163",32.25,1,2.385,11/1/09,"20:07:58"
"6182701724108",5750,"Labadie-Price","998525309",12/20/06,"20:54:45","6806887",0.96,0,2.329,10/13/97,"07:10:44"
"5718974354257",7271,"Schulist Group","535220668",5/21/79,"14:56:55","1427028",27.4,1,1.133,3/8/88,"08:06:02"
"8632828976778",655,"Nienow, Hamill and Botsford","364927874",6/22/13,"00:31:54","731312",69.29,1,0.967,4/2/96,"21:52:34"
"6413660570389",2106,"Terry, Hoeger and Flatley","589738794",12/23/77,"20:41:02","250051",5.37,1,1.089,7/16/94,"20:02:58"
"3372327237662",3131,"Wilkinson, Ankunding and Zemlak","650291476",6/11/81,"00:40:18","651635",40.59,1,1.723,11/29/82,"01:14:06"
"7453335070284",7687,"Lebsack LLC","690140777",10/29/76,"16:19:55","1581801",82.17,0,0.033,7/9/72,"22:45:45"
"3552862232526",9282,"Bruen-Friesen","616695362",8/17/99,"01:58:04","8367628",80.58,0,0.917,4/30/77,"13:53:28"
"9137999856907",5121,"Will Group","524414085",4/29/78,"09:04:48","8803870",3.13,1,2.389,3/12/15,"09:37:30"
"8329536880182",8413,"Thiel, Bogisich and Heaney","154273915",7/14/87,"20:12:41","7194688",36.49,1,0.752,3/3/77,"06:01:23"
"3058593496240",5738,"Harvey, Hoppe and Grant","936119275",6/21/86,"12:31:01","8861000",13.65,0,1.528,3/2/81,"11:08:18"
"7849037938770",3757,"Kuhn, West and Satterfield","126107866",8/1/77,"04:01:23","1589565",80.01,1,2.972,7/17/14,"08:39:59"
"3514173569500",4448,"Heller, Schaden and Collins","454725705",12/19/73,"19:41:36","1420608",92.8,1,0.661,11/8/90,"18:22:41"
"7499091198479",3107,"Ortiz, Gibson and Hauck","626505658",10/22/02,"18:36:01","2531545",68.39,1,1.464,4/25/02,"12:43:05"
"7409126183576",5880,"Abernathy Group","302554449",11/27/85,"20:49:40","7753648",76,0,1.481,3/28/88,"20:21:09"
"0295742540370",4048,"Watsica LLC","25786482",4/14/12,"15:52:02","8057231",37.2,1,0.272,8/25/01,"12:15:48"
"5842714963419",9637,"Johnston-Luettgen","555219151",8/29/01,"19:56:25","3823836",2.68,1,1.092,7/11/91,"23:24:30"
"5596832903162",6937,"Erdman PLC","971779477",3/4/76,"01:11:50","7654149",99.77,0,1.827,7/14/04,"11:59:07"
"5057267087553",9529,"Nader, Abshire and Roob","641508833",1/9/71,"23:49:26","6240419",61.59,0,1.621,3/5/04,"12:41:27"
"5203154458020",3450,"Beahan Ltd","75583776",3/17/89,"12:42:12","1149334",32.64,0,0.419,11/26/94,"13:54:22"
"5248045748501",9620,"Walter, Kovacek and Ledner","747763789",10/7/79,"22:33:03","8458904",26.16,0,0.438,3/16/13,"22:08:44"
"2992720396591",8129,"Schamberger and Sons","704836594",6/27/74,"08:18:00","2631344",69.86,0,1.769,3/6/04,"15:22:36"
"2222746784830",2836,"Kirlin, Purdy and Lind","997861353",1/23/79,"08:25:21","6210382",47.31,1,2.635,10/15/78,"08:25:59"
"2425727653693",5573,"Mayert and Sons","988602427",2/10/12,"08:22:56","1788007",46.13,1,1.854,7/24/16,"00:09:32"
"2117819600405",346,"Padberg LLC","914193258",12/12/94,"06:06:23","5920201",65.22,1,2.733,8/10/95,"20:24:42"
"4969641525639",443,"Simonis-White","74102497",5/8/96,"15:14:50","4601630",86.02,0,1.776,2/25/71,"23:30:56"
"1519352474880",5470,"Huel, Hermiston and Block","213971723",7/28/89,"18:35:20","2406466",54.74,1,1.464,11/7/15,"11:37:15"
"1939515205419",739,"Franecki Ltd","883195953",7/15/77,"10:36:44","2677302",45.35,0,1.202,12/7/98,"04:57:03"
"2383791458782",2824,"Windler, Roberts and Torphy","578692718",9/10/84,"17:07:19","5906814",38.19,1,2.285,8/26/12,"16:20:16"
"3871330673688",7963,"Okuneva Ltd","382189003",7/27/77,"11:50:46","2931922",8.15,0,2.392,7/27/94,"16:48:03"
"8422762677608",8066,"Skiles-O'Reilly","145850876",11/14/91,"18:57:55","1205018",38.8,0,2.718,5/10/04,"20:51:34"
"9083024018668",5831,"Walter, Veum and Hamill","216310509",10/5/89,"07:39:23","8972700",4.18,1,1.781,4/27/85,"19:24:11"
"2932645003520",4788,"Veum, Dickinson and Homenick","474371287",12/2/94,"16:30:05","5730476",18.08,0,1.69,9/13/78,"12:06:26"
"7178524157071",5582,"Torp, Friesen and Kovacek","858584225",9/19/10,"10:20:05","6283054",22.33,1,1.4,5/28/82,"20:04:50"
"5703725511300",9322,"Wisozk, Heaney and Grant","594725551",2/18/77,"14:06:01","3036476",71.98,0,2.918,10/2/94,"16:42:59"
"7785199354710",3264,"McLaughlin, Fay and Pouros","820155777",4/28/96,"08:20:13","943106",54.51,1,1.268,4/6/84,"13:29:51"
"7884685095508",9551,"Thompson PLC","384764026",5/7/74,"15:21:47","9865611",19.36,1,1.355,2/27/94,"00:27:05"
"0109942977391",5348,"Labadie-Kessler","849990794",3/14/91,"14:02:07","697758",33.94,1,1.083,6/18/73,"13:38:49"
"9377755894587",2136,"Zemlak-Buckridge","601162665",3/5/08,"06:08:28","4424983",81.5,1,0.617,3/24/72,"13:27:58"
"0581583053450",1753,"Walsh-Little","986208217",10/18/90,"12:28:12","5364545",36.81,1,2.172,11/26/84,"09:08:50"
"0608047163748",2800,"Hyatt-Klocko","714810610",5/21/88,"10:53:14","8567014",34.03,1,2.382,7/3/92,"08:28:20"
"0880547382500",2434,"Bergnaum and Sons","32350194",2/1/14,"23:17:53","5006843",2.44,0,0.308,5/18/88,"18:27:55"
"3028049723665",9845,"Gleichner and Sons","814128328",1/23/13,"03:49:30","7850739",67.81,1,2.516,6/15/73,"13:44:12"
"1135926257057",3872,"Wyman, O'Keefe and Veum","879004893",9/8/02,"08:12:51","9205655",12.15,0,2.181,9/12/08,"03:34:03"
"2093456373452",703,"Ernser Ltd","934348776",9/14/76,"02:14:54","3094342",18.32,0,1.542,1/4/71,"05:36:36"
"6474339415165",5364,"Jaskolski Group","791776529",7/20/97,"11:03:37","8562537",65.67,0,2.352,3/15/71,"17:42:43"
"4376655429292",9024,"Kautzer Inc","855728503",8/13/08,"06:45:26","9683119",48.74,0,2.58,9/16/01,"14:16:59"
"3100474004633",6117,"Kohler PLC","148658821",6/20/03,"01:31:58","9706238",62.66,1,1.528,5/30/77,"09:33:22"
"8964955005299",7267,"Ritchie-Klein","423762417",6/22/01,"18:25:45","8651116",75.83,1,0.453,1/19/95,"00:56:46"
"6217984783248",1059,"Parker Inc","251386676",10/12/14,"05:09:39","8698754",91.88,0,1.437,1/21/80,"19:34:51"
"8811279437840",7537,"Hills Ltd","924443665",8/24/89,"10:57:39","1666023",68.37,0,0.346,4/19/07,"00:20:09"
"4975523902998",1402,"Kassulke LLC","706657471",1/9/87,"09:39:45","5991507",72.28,0,1.209,6/21/14,"15:17:02"
"5113226508583",1756,"Frami Inc","137747820",3/22/07,"07:45:53","1631833",9.42,1,1.724,8/19/14,"22:59:17"
"3298683898136",9599,"Powlowski Ltd","607876557",9/8/11,"02:40:17","385513",16.22,1,0.071,8/30/77,"18:26:53"
"7731174284576",3571,"Lowe, Moore and Reichel","395974359",10/6/86,"14:42:56","6019746",6.51,0,2.848,8/3/76,"21:03:18"
"8685503220790",5109,"Kemmer-Olson","972886831",1/18/83,"09:05:12","8166482",72.38,1,1.07,7/4/05,"08:45:34"
"0469531383042",307,"Powlowski LLC","683134139",6/5/98,"19:14:05","932971",49.95,0,1.726,6/27/13,"02:46:03"
"9942190505682",5943,"Roberts-Mohr","99936721",11/19/15,"05:16:11","5334011",63.15,1,0.464,3/4/85,"15:46:45"
"2398273155257",7537,"Ritchie Group","298148430",7/2/13,"01:32:24","3740452",13.72,0,1.95,10/21/14,"09:58:20"
"1440604825779",3809,"Lakin, Wyman and Beier","96788187",11/12/07,"05:29:38","74185",81.72,1,0.669,5/1/16,"11:46:48"
"6393659935218",7256,"Schmitt-Powlowski","180408095",9/22/12,"05:24:45","4872797",94.26,1,1.742,4/17/74,"12:04:02"
"7034134189947",835,"Nitzsche-Mohr","979762641",10/12/08,"05:26:26","631082",92.74,0,1.969,2/6/77,"18:43:25"
"1849876388833",7118,"Wiegand-Wehner","503383998",9/11/01,"03:48:42","8640951",6.81,0,1.054,10/23/70,"03:58:32"
"3385215755605",2053,"Collins-Hills","391672896",4/12/12,"06:02:40","7380431",83.34,0,1.978,9/14/87,"11:11:02"
"6814601757806",9832,"Kreiger-Crooks","321470078",11/14/86,"16:04:54","2572121",1.22,1,0.528,1/12/05,"12:38:43"
"1832903695430",4122,"Bartoletti-Hudson","446877561",1/7/73,"02:28:00","2036540",75.05,0,2.639,8/19/78,"00:06:27"
"2850549550288",4847,"Ratke and Sons","749421495",10/2/92,"19:33:28","6549063",90.9,1,0.203,11/3/03,"13:53:45"
"5928236063208",3517,"Heaney, Shanahan and Brakus","759721178",4/17/08,"06:52:03","6054920",16.3,0,2.377,11/29/75,"10:55:16"
"0641755999520",8527,"Gulgowski-Cummings","311332350",7/21/98,"16:11:11","8754325",77.19,0,0.471,2/4/91,"07:44:48"
"1273289069521",975,"Trantow PLC","631316650",12/24/91,"02:34:11","7192425",93.84,1,2.972,7/9/93,"19:53:32"
"7101388057995",3290,"Kris Group","989684389",5/7/11,"11:53:57","475243",63.58,0,2.054,2/8/84,"02:09:31"
"1140205131537",7550,"Greenfelder-Shields","120755523",5/26/84,"10:06:08","5820654",4.93,0,1.525,10/13/87,"15:53:20"
"0696716113240",1840,"Cummerata, Auer and O'Conner","100517921",6/1/96,"14:08:34","7989618",31.7,0,0.218,10/5/05,"23:35:10"
"1995435811506",4484,"Reynolds, Buckridge and Heidenreich","514722515",10/4/86,"05:01:11","9944300",93.19,1,2.521,1/20/14,"11:05:08"
"1465914076716",4485,"Doyle LLC","703180382",8/4/82,"17:45:14","8299531",58.36,0,0.389,2/25/79,"21:43:55"
"2800987174781",8070,"Grimes, Hudson and Powlowski","441463328",7/4/00,"15:52:06","1598262",68.47,0,0.671,10/21/14,"01:09:33"
"0409740134311",7860,"Thompson-Kris","141189100",6/21/79,"20:31:27","1827694",79.61,1,1.979,8/23/74,"23:47:21"
"4074594152505",5924,"Johnson, Murphy and Haley","827175275",6/22/99,"21:36:33","7849175",87.19,0,1.826,8/1/02,"11:04:08"
"4104092031137",3016,"Tillman, Hagenes and Schultz","295852872",11/12/87,"08:45:19","5159961",98.13,1,0.031,10/17/93,"10:17:33"
"8008390868170",7952,"Smith, Barton and Littel","926579374",1/26/77,"19:14:05","1850323",45.88,0,2.214,2/7/70,"16:57:09"
"3615960984149",2386,"Berge, Eichmann and Lesch","761701100",6/23/95,"06:04:20","4630485",49.43,1,0.304,9/6/98,"23:46:40"
"0983546163585",5104,"Hansen, Lindgren and Graham","182264971",4/8/71,"04:14:43","8573951",36.88,0,1.345,7/27/10,"11:22:25"
"3538217847556",1072,"Rippin-Predovic","799901931",3/18/97,"00:00:53","4738773",47.54,0,2.801,7/15/81,"18:23:38"
"7863900453365",9811,"Gislason and Sons","255445912",8/14/04,"09:55:37","299580",82.62,1,0.045,9/30/89,"05:19:51"
"4797917172339",785,"Dooley PLC","54172152",4/29/81,"21:54:25","9952860",74.13,0,0.893,4/30/88,"21:45:06"
"0702905157259",3270,"Christiansen and Sons","980118429",12/29/81,"13:50:08","4934053",99.85,0,1.538,7/16/91,"02:54:15"
"7586138978488",2164,"Hessel Inc","111279860",3/7/98,"00:17:31","1854865",59.29,1,0.175,11/4/86,"22:31:38"
"4491529077537",7435,"Mosciski, Jakubowski and Gerhold","215101290",10/2/72,"14:25:04","4516768",61.36,1,1.904,5/30/02,"05:20:35"
"8756026673655",1143,"Zemlak-Bechtelar","414856889",10/4/72,"18:08:42","6071683",33.4,0,0.438,11/8/95,"14:53:45"
"0014477523727",7387,"Doyle-Romaguera","835494127",10/3/01,"23:50:57","1634865",1.73,0,0.08,2/13/91,"19:23:24"
"7581812713697",2879,"Bashirian-Mann","982507436",4/29/01,"23:50:58","2311424",7.25,0,0.567,5/19/12,"20:52:25"
"3787979262918",7978,"Terry and Sons","714188597",2/17/16,"19:03:42","6918722",61.76,1,0.22,11/29/15,"23:51:45"
"0700126506050",776,"Bahringer-Nader","673820094",7/14/12,"00:16:37","8022577",1.61,0,2.615,7/9/13,"09:52:01"
"8093234982700",919,"Bogan Group","570735991",5/9/03,"20:52:56","4528414",33.04,0,2.26,8/5/93,"18:24:04"
"4834620247343",9064,"Brown-Jakubowski","535931116",12/1/87,"22:29:40","7945172",19.52,0,0.732,4/12/06,"14:52:39"
"2197805692574",1472,"Lynch Inc","430469029",9/16/11,"04:27:21","7249987",20.96,0,2.946,12/1/78,"17:31:12"
"2662075199688",1471,"Schiller, Rogahn and Kessler","992600164",10/13/71,"19:16:15","2119097",50.72,0,2.121,5/5/82,"14:17:28"
"6055594313736",8849,"Prohaska, Purdy and Leuschke","475687123",9/27/00,"02:34:56","4784965",60.73,0,1.852,3/4/96,"08:04:49"
"1271980456084",7652,"Tromp-Wunsch","58467703",11/13/81,"20:21:24","3654047",71.94,0,0.469,1/27/74,"18:30:44"
"6181500865410",2277,"Crist-O'Connell","434844211",3/30/02,"06:03:56","2486207",94.45,1,2.487,3/2/15,"22:23:23"
"8527296413645",3886,"Spencer LLC","687308541",9/15/75,"14:16:43","378274",22.12,0,0.354,8/15/98,"05:08:01"
"3557909872233",6539,"Klocko Group","366193343",9/8/79,"03:35:15","1595370",78.27,0,2.505,3/12/95,"05:27:20"
"6008149093291",2886,"McKenzie-Schowalter","377149175",5/16/99,"03:11:15","5118871",7.62,1,0.719,2/14/85,"22:21:20"
"1320908399272",1672,"Crona PLC","259254697",10/31/93,"13:16:08","2060861",16.45,1,2.238,5/24/75,"15:16:59"
"3165870780968",1841,"Prosacco Ltd","505560987",7/31/87,"06:30:32","7581506",59.45,0,2.007,7/27/75,"02:50:41"
"5500064732367",1772,"Abernathy LLC","832437600",12/14/70,"16:43:02","2479529",72.65,0,0.324,4/6/75,"07:52:03"
"1229440894158",6331,"Anderson Ltd","302108234",8/3/07,"22:18:36","4369164",11.72,1,2.385,9/14/84,"05:58:47"
"6281133138558",3773,"Thompson-Nicolas","788051907",11/2/73,"07:25:38","3007995",68.05,0,0.698,12/19/05,"21:17:07"
"9573933874745",6603,"O'Keefe, Greenfelder and Stehr","655937968",5/27/91,"16:56:45","9024142",52.55,1,1.178,9/21/76,"22:04:20"
"9617788802092",1722,"Lemke-Lockman","788587947",1/24/85,"20:14:11","2395718",12.1,0,0.354,9/23/82,"03:33:23"
"9486929623121",978,"Farrell-Pollich","46107690",5/10/86,"19:26:14","3153258",15.23,0,2.923,7/5/98,"00:27:11"
"4647234123138",6282,"Bruen-Herman","266795372",5/6/13,"03:31:59","663007",19.91,1,0.002,9/20/15,"04:25:15"
"3502467553155",1583,"Kohler LLC","241574631",9/8/00,"21:05:40","2690557",75.71,1,0.162,1/31/83,"17:37:19"
"6089434646349",2775,"Wolf-Waelchi","847131597",1/27/73,"06:36:27","8016392",43.25,1,2.799,5/26/12,"02:22:21"
"4341410038524",6349,"Eichmann Group","671173955",8/6/04,"13:21:13","6694454",28.44,1,2.388,10/7/97,"11:07:00"
"5545025195051",897,"Mayer, Dickens and Zboncak","468793121",3/26/80,"04:05:52","7833698",29.74,0,0.542,2/1/05,"15:47:37"
"9862278271345",6106,"Bahringer PLC","367572404",7/17/70,"08:45:31","9521614",36.82,1,2.612,11/26/99,"13:35:16"
"9279781131787",9674,"Rohan, VonRueden and Feil","387144434",7/16/01,"09:36:59","2095547",34.73,1,2.886,11/3/77,"19:55:30"
"2365484349598",5119,"Batz, Cartwright and Kutch","634906521",7/8/80,"19:22:45","5566076",29.24,1,0.863,4/21/70,"04:40:33"
"6751062807581",1511,"Welch and Sons","102287278",12/28/02,"00:21:32","1458929",59.89,1,0.171,1/2/97,"17:14:24"
"2372535098659",6440,"Funk, Koelpin and Hintz","207440727",12/10/10,"06:22:38","3312893",37.5,0,1.547,1/8/76,"20:08:44"
"5807175865838",5606,"Labadie-Waelchi","413090618",10/27/11,"10:54:17","9354523",41.47,0,0.142,7/8/04,"18:12:23"
"3222898351546",5183,"Ebert-Kirlin","931353734",11/9/11,"06:53:10","6753110",22.58,1,1.096,7/6/07,"04:45:01"
"5813365787920",3518,"Ortiz, Denesik and Casper","681681251",10/27/94,"10:01:03","2643172",71.93,0,1.567,12/19/03,"00:58:34"
"6931294262027",6808,"Bartoletti LLC","658581241",2/16/82,"13:52:46","200982",7.4,0,2.453,6/13/93,"10:48:20"
"2067105675422",5076,"Abernathy and Sons","56919362",9/6/92,"20:52:28","1035211",63.81,0,1.613,4/14/16,"17:10:34"
"9317746195019",1066,"Watsica Inc","224505242",10/23/11,"16:01:56","5210927",47.27,0,2.132,12/30/70,"21:30:59"
"1592384127779",9210,"Shields and Sons","407536965",3/30/79,"02:26:47","6670417",46.02,0,2.728,11/16/13,"16:18:18"
"9961949807664",8624,"Crona, Lueilwitz and Marvin","309925463",1/13/12,"15:38:45","2837126",84.3,0,1.495,3/17/09,"21:07:37"
"4675248281571",5042,"O'Kon, Gleason and Bosco","400571655",1/9/81,"13:51:40","7846646",89.02,0,1.051,3/2/89,"22:09:58"
"6074405912168",7909,"Zboncak, Hackett and Upton","901251972",8/16/14,"00:38:22","2041846",12.14,1,1.623,9/22/74,"14:05:39"
"6445202148563",2382,"Koelpin, Zboncak and Flatley","953695556",1/16/97,"14:01:14","5493930",79.36,0,2.48,1/12/16,"18:40:50"
"1752786453927",5883,"Gusikowski, Spinka and Medhurst","464912529",11/23/01,"04:13:08","404546",85.67,1,0.64,1/25/88,"02:41:09"
"2144605077682",9379,"Murray, Welch and Gleason","224537030",9/18/14,"22:30:09","2962200",53.83,0,1.755,7/16/13,"03:27:38"
"7634896996715",4150,"Daugherty, Brekke and Beahan","511830089",5/10/13,"23:53:59","5052181",78.71,0,0.148,1/9/75,"07:04:20"
"0737169137967",3536,"Toy, Price and Rath","869896036",7/18/06,"05:20:59","6554213",7.73,0,1.695,11/20/98,"07:06:21"
"5924363183480",1795,"Dooley-Satterfield","683880665",4/9/96,"10:10:01","6866302",45.98,1,2.737,3/20/09,"14:54:03"
"9359779626812",8280,"Weissnat PLC","675645924",9/16/94,"07:02:05","9058421",25.49,0,1.024,3/13/80,"19:39:26"
"2176919958317",4815,"Hahn Inc","290183406",8/20/84,"06:09:31","2547090",25.47,1,1.121,3/3/90,"03:11:13"
"0927124005434",4206,"Tremblay-Hayes","732660532",7/17/10,"04:42:05","2156583",24.53,1,0.283,12/14/81,"23:31:34"
"4001111840005",1600,"Muller, Rosenbaum and Gutmann","945065692",1/24/70,"11:08:40","8875152",0.46,0,2.053,10/4/10,"15:16:01"
"0700286727762",7906,"Goyette-Ritchie","277596742",2/28/98,"04:55:53","1232159",85.9,1,2.285,1/7/95,"05:18:53"
"8112247650087",9852,"Cassin Ltd","105943819",2/23/87,"05:31:32","1883863",61.51,0,1.119,3/28/85,"22:04:36"
"5574052134210",382,"Lesch, Welch and Nienow","47341770",3/6/90,"04:56:43","1733764",19.87,1,2.903,7/5/00,"02:45:32"
"9859691418615",1826,"Runolfsson, Hartmann and Jast","901036392",1/11/97,"10:25:45","3328714",46.14,0,0.906,6/28/78,"19:23:28"
"2704521992709",5803,"Trantow-Schuster","592559382",10/30/90,"17:25:41","3487009",15.83,1,0.933,8/29/88,"15:29:25"
"5961078200514",4667,"White Ltd","644143556",6/17/95,"14:12:36","3186839",48.8,0,0.62,10/26/11,"12:17:19"
"6281370627457",879,"Stracke-Crona","769596055",1/16/98,"05:41:29","206776",23.71,0,2.748,2/8/74,"17:43:20"
"0617460647260",394,"Medhurst LLC","686034244",9/26/92,"13:36:15","8365541",39.49,0,2.152,4/30/06,"21:46:03"
"7704895500698",3425,"Sauer Inc","341409012",5/25/79,"15:35:15","7727221",88.76,1,0.155,1/23/80,"15:06:51"
"7261801139412",9467,"Wehner Group","612653726",3/21/97,"11:09:08","3985370",83.45,0,2.07,3/26/97,"13:30:11"
"0265486037967",1301,"Roob, Keebler and Gibson","578527465",4/22/82,"03:44:30","9724647",53.65,1,2.762,12/1/13,"03:55:16"
"7640800289070",8291,"Keebler PLC","110956245",8/5/01,"02:53:01","3002254",1.38,0,2.712,2/11/00,"07:05:50"
"3394135315532",1709,"Daniel-Glover","847930714",10/6/11,"16:28:32","4844931",10.34,0,2.566,6/25/90,"09:30:41"
"9687775693804",9907,"Wehner, Cummings and Nienow","616850461",1/29/75,"09:33:15","8192972",27.88,1,1.027,9/24/88,"21:26:24"
"5434803183247",5264,"Feest Inc","822081022",10/17/79,"16:19:36","5225143",52.84,1,0.236,5/24/12,"13:36:20"
"5839456487821",3654,"VonRueden-Towne","171981626",10/16/73,"16:49:46","6028222",23.76,1,0.786,7/20/79,"12:19:23"
"7965847576032",7130,"Effertz, Kuphal and Leuschke","964008782",1/5/07,"05:21:11","6463237",59.07,1,0.092,7/20/03,"04:32:33"
"3794298785133",7043,"Haag-Swaniawski","535121941",4/3/94,"12:11:42","1818389",30.01,1,1.262,6/13/93,"15:58:06"
"6901355152201",3215,"Wintheiser Ltd","482962104",7/11/73,"16:11:41","604019",95.37,0,2.912,10/1/76,"22:26:29"
"0406321132351",7434,"Auer, Rippin and Friesen","688860829",3/28/76,"05:03:30","8733500",19.14,0,0.321,1/25/71,"12:31:06"
"5074645284375",8055,"Feeney, Maggio and Shanahan","898374447",12/25/98,"12:19:00","2069451",65.87,0,2.833,12/2/15,"09:12:27"
"8300960448789",5776,"Larson PLC","239666753",1/19/97,"18:10:17","2052281",19.81,0,2.258,6/3/87,"20:31:09"
"9182568726507",2120,"O'Kon-Gibson","331212909",9/15/96,"11:10:25","6933457",62.24,0,1.954,4/7/82,"15:04:04"
"2235171228314",55,"Yundt-McGlynn","605553174",3/21/80,"11:17:48","9908563",59.25,1,1.828,8/2/81,"22:36:29"
"7163227454507",8911,"Runolfsdottir-Spencer","733607828",10/6/99,"23:34:04","6838101",33.63,1,1.386,3/1/86,"08:45:47"
"3999177315953",1533,"Terry-Morar","193617896",9/11/09,"04:17:46","9350444",68.43,1,1.401,4/23/73,"21:16:30"
"5930469157555",8166,"Brakus Ltd","254085920",12/10/14,"15:41:15","2843570",37.63,1,1.079,2/27/90,"02:18:42"
"9554643551503",5959,"Haley-Schoen","831732979",12/1/79,"09:55:48","4299425",74.94,1,0.446,11/29/70,"06:47:55"
"1055739829458",4046,"Hodkiewicz LLC","606515828",3/30/84,"14:06:58","2383543",72.1,1,0.274,2/13/11,"20:31:27"
"8495658595908",3140,"Schoen, Hills and Langosh","812391924",5/8/14,"12:02:55","5114020",76.76,0,0.394,1/3/08,"19:44:08"
"1677563464505",5193,"Hammes, Bradtke and Schmitt","678722377",4/19/99,"21:44:00","8431585",91.04,1,0.85,12/24/92,"00:36:17"
"9477837425850",8596,"Fahey-Satterfield","978307486",2/15/88,"13:18:06","5889239",37.48,0,1.641,7/21/05,"05:51:55"
"0974221588676",5604,"Reichert-Wuckert","553721810",10/29/05,"18:31:46","9456298",50.53,0,2.671,1/19/79,"18:39:42"
"0874346837904",852,"Kutch-Hickle","463335831",12/14/96,"21:17:27","2407077",68.82,1,0.551,1/1/73,"09:51:50"
"5525185706015",6454,"Bartell, Durgan and Collins","897609991",12/24/88,"17:09:01","4288617",9.34,1,0.221,9/13/89,"16:28:29"
"0225840359777",8509,"Littel-Connelly","261378295",12/13/07,"04:49:28","1599262",60.05,0,1.063,5/3/72,"11:31:15"
"9399876384324",8969,"Metz, Brown and Roberts","642760566",8/24/99,"08:52:15","694407",61.86,0,1.518,10/3/10,"18:52:33"
"4809603247181",7587,"Yundt-Keebler","185361503",12/3/89,"09:11:50","5754426",14.97,0,2.455,3/13/75,"17:39:15"
"9367830096700",582,"Monahan Ltd","755658076",1/23/98,"11:01:56","2019145",47.44,1,1.538,2/5/78,"01:44:18"
"1437452603821",7613,"Grady-Schamberger","629551585",2/9/10,"07:01:41","5382599",98.07,0,1.223,6/26/77,"18:53:12"
"1335339745975",232,"Spinka, Rutherford and Bechtelar","75108544",10/18/88,"05:58:13","1098243",41.2,0,1.376,6/6/03,"14:31:17"
"6590203202562",4428,"Quitzon-Gulgowski","911414816",9/27/99,"09:38:35","7594792",89.57,1,1.719,4/1/06,"21:42:04"
"2450823824385",1326,"Steuber, Boyle and Altenwerth","283899558",8/17/93,"06:34:12","613907",0.49,0,0.259,9/26/16,"19:21:21"
"6450932830067",3959,"Ebert, Schulist and Barrows","696436088",9/25/11,"15:54:14","7398154",43.11,1,1.905,7/31/10,"10:40:22"
"8624764820605",1828,"Deckow PLC","848283116",12/20/13,"21:18:07","9261754",66.08,1,2.934,8/25/77,"04:50:56"
"0227584116356",1960,"Ziemann, Mayer and Hickle","132490147",10/30/11,"01:08:57","7992595",63.99,1,1.668,10/22/73,"18:01:12"
"6149320431116",4095,"Nikolaus, Hartmann and Gutkowski","628706685",9/8/81,"19:16:38","9392932",46.41,1,0.523,11/17/73,"02:37:24"
"0955093608302",4635,"Ferry, Monahan and Farrell","908380245",5/11/93,"09:17:05","4478547",94.68,1,0.734,1/30/73,"01:12:19"
"9847679521380",2697,"McDermott-Kessler","778999399",8/18/83,"04:31:29","5430363",81.57,1,1.883,11/22/76,"15:23:46"
"7523126488358",9506,"Adams-Hand","7748031",10/19/02,"15:46:16","8293692",60.43,1,0.419,11/17/82,"23:02:24"
"9270398651919",1324,"Leuschke, Kihn and Kunze","71309958",6/5/15,"07:33:36","5692835",99.96,0,0.909,9/27/91,"02:56:57"
"2874747982131",5171,"Stehr, Kuphal and Weimann","640996524",7/24/13,"08:43:26","6823630",74.96,0,0.559,4/29/74,"09:55:59"
"7255294525427",2146,"Williamson PLC","804353639",6/3/71,"13:37:24","7370253",15.26,1,0.43,2/11/16,"19:22:14"
"8957212581330",4015,"Stroman-West","143778479",10/13/10,"23:06:00","8984025",87.91,0,0.784,7/29/04,"05:32:58"
"2078584945111",1580,"Koelpin-Hamill","945892330",2/26/16,"01:24:10","5070645",36.26,0,2.651,4/15/99,"22:56:25"
"6569719714282",6464,"Gulgowski PLC","328335051",7/31/05,"06:10:18","7972986",93.28,1,2.269,1/16/79,"03:10:49"
"9797113367064",6981,"Koelpin and Sons","737333221",5/21/14,"22:58:38","6594686",60.07,1,2.491,5/7/16,"11:28:45"
"6764772121445",7131,"Hilll and Sons","926694587",12/4/83,"02:08:34","1988559",66.16,1,2.987,12/6/82,"23:50:32"
"7056044344164",9970,"Gulgowski Group","349696410",5/6/84,"02:29:31","9211753",56.03,0,2.164,1/5/09,"01:55:13"
"3303337296028",5320,"Runolfsdottir-Wyman","832269111",5/12/81,"04:44:17","3395394",19.79,0,0.446,5/27/75,"21:01:51"
"9599654566780",882,"Sipes, Trantow and Lynch","740105556",12/9/03,"07:52:20","1776380",61.9,0,0.769,8/27/97,"16:07:09"
"6385596954430",5380,"Krajcik Ltd","598978775",9/15/78,"18:15:43","5368754",54.3,1,2.643,7/29/82,"04:56:29"
"7420856833567",4231,"Stark-Corwin","898803085",8/26/03,"20:42:02","3585515",30.11,0,2.046,1/20/05,"09:41:06"
"0804711383868",4436,"Dare, Schaden and Grady","963953718",4/18/16,"04:16:14","6896062",70.65,1,0.661,8/11/88,"02:22:29"
"1058571088175",5878,"McKenzie, Wuckert and Gerhold","887364618",7/23/08,"02:09:49","9538497",1.45,0,2.864,3/16/85,"16:13:44"
"1971971798277",1224,"Pfannerstill, Schroeder and Greenfelder","404553257",12/24/77,"18:10:07","6246462",86.93,0,1.348,8/11/97,"10:43:04"
"4547611039154",258,"Ryan and Sons","498752309",9/26/88,"13:24:16","7808418",31.15,1,2.165,6/1/91,"02:11:22"
"4601244285442",2417,"Emard, Baumbach and Upton","275513137",4/6/80,"13:27:05","6219045",37.63,0,0.258,9/24/79,"00:01:48"
"1390381250997",3320,"Klocko, Morissette and Carroll","49897914",3/15/92,"12:52:30","5266922",67.91,1,0.336,10/24/92,"14:35:09"
"3948203548688",813,"Heidenreich, Sawayn and Anderson","852755716",6/13/98,"02:15:48","5548932",80.64,1,0.949,12/29/94,"19:01:48"
"1032987477079",6258,"Runolfsdottir-Durgan","520530887",2/27/86,"18:10:12","1161240",61.76,0,0.323,4/10/87,"15:59:27"
"1271660697246",1763,"Kuhlman-Kirlin","136128817",4/21/92,"14:52:36","2659211",50.99,0,1.251,10/25/09,"08:35:12"
"9288365687996",5814,"Jacobson-Reinger","731293146",9/23/85,"19:01:13","4570708",53.99,1,1.605,6/30/83,"23:32:24"
"0956572278951",7559,"Prohaska Ltd","954570553",8/19/76,"05:00:22","3455260",37.94,0,2.698,1/30/77,"14:43:36"
"2299142243253",7796,"Reichel Ltd","858493371",11/4/91,"05:23:18","1005495",58.56,1,1.278,8/12/74,"13:46:41"
"9588773260306",9400,"Connelly, Ward and Gleason","263350920",3/20/09,"06:08:06","8616481",32.15,0,0.308,4/29/09,"14:45:42"
"2195038541407",9586,"Windler, Marks and Strosin","832093897",5/22/06,"13:54:59","7498383",41.01,1,1.56,1/15/76,"03:21:44"
"4011861079486",9713,"Brown Inc","585639105",2/13/07,"16:28:26","7818725",73.87,0,0.022,11/29/90,"11:18:36"
"2791126567099",6052,"Simonis Group","312195200",2/10/95,"18:25:15","6573826",71.08,0,2.751,1/31/08,"10:43:41"
"4677822044601",9219,"Marvin LLC","419080179",12/13/90,"22:54:42","3374871",34.18,0,2.388,12/5/05,"07:42:12"
"4714364956417",2833,"Reichert, Reilly and Rippin","55500301",6/15/84,"09:04:50","6747626",15.83,0,1.839,5/1/76,"11:55:51"
"0737278125422",3766,"Cremin PLC","904251339",8/7/99,"12:41:17","8799416",62.09,1,0.94,11/20/93,"03:12:26"
"9641390797484",6303,"Krajcik, O'Connell and Feest","770653362",8/31/84,"15:27:31","3983193",8.72,0,1.658,4/5/01,"17:35:30"
"6656975783764",9601,"Harris Group","281755706",3/8/80,"09:08:49","7465354",12.87,1,2.668,6/4/08,"10:46:25"
"5836456412303",2161,"Oberbrunner LLC","465239764",7/17/72,"15:31:54","6505814",51.98,0,2.722,8/27/08,"02:38:51"
"2116940223561",1586,"Bosco Group","968560432",12/28/11,"05:56:06","6560978",8.56,0,0.698,2/17/82,"17:00:34"
"8584901010247",9415,"Hauck Group","628675727",6/18/84,"19:15:31","5364274",66.67,1,1.944,12/16/08,"09:01:34"
"4780325123725",9248,"Cormier LLC","194693131",5/26/96,"06:51:10","7548970",96.6,0,1.006,3/3/77,"01:12:48"
"2904666363207",1249,"Gorczany-Wisoky","83299227",4/29/72,"00:28:10","8652862",94.58,0,2.692,11/30/08,"04:23:57"
"2936104296847",983,"Hane-Auer","172324058",4/13/92,"10:10:33","4329922",48.78,0,0.242,2/6/79,"20:24:52"
"9611497561001",1586,"Bruen Ltd","82449258",1/20/89,"18:16:43","2621480",78.71,0,0.005,9/17/10,"19:46:22"
"4437413895827",2422,"Hessel PLC","690385811",11/3/13,"00:47:58","4736176",42.37,1,2.302,6/22/83,"17:31:14"
"1014594995299",9406,"Dickens-Cormier","933381133",7/1/02,"16:49:21","6791265",74.65,1,2.222,11/14/88,"00:39:05"
"3751133053143",9123,"Harber, Bogan and Jones","943281967",7/9/87,"19:14:29","894966",88.65,0,1.687,10/21/84,"18:14:24"
"9507541100348",9971,"Hilll-Steuber","643160384",4/1/79,"03:04:17","5603343",15.32,1,0.883,1/28/00,"10:43:56"
"1690155967613",2444,"Hickle-Jenkins","530138785",10/14/75,"06:21:57","5953153",80.6,1,2.601,5/27/92,"02:33:10"
"0523608687181",7230,"Treutel-Osinski","742731379",1/13/13,"09:52:58","1729491",61.21,1,0.486,1/4/83,"00:23:29"
"6550211746561",2292,"Hegmann-Spinka","709472643",10/30/08,"05:12:46","1999963",2.64,1,2.564,2/4/79,"05:47:02"
"0146326253991",4518,"Schulist Inc","260342657",8/13/98,"14:51:05","4915835",64.08,1,2.399,8/7/02,"07:59:42"
"7228763159249",9162,"Wiza Group","864674516",1/21/08,"20:09:53","5048212",66.17,1,0.935,4/15/12,"08:54:28"
"3219738473630",4996,"Hermann-Keebler","954890188",9/28/81,"16:57:11","1494803",28.62,0,1.749,1/8/73,"16:38:17"
"2006235716889",8252,"Daniel, Herzog and Boyer","339482091",7/8/91,"03:17:23","6006274",92,0,0.892,4/6/85,"13:16:04"
"7341797175328",5519,"Kunde-Stiedemann","891871519",12/14/09,"21:48:34","8069601",87.3,1,1.64,4/21/10,"10:49:09"
"6502716766183",2201,"Dare PLC","337616429",9/4/71,"18:27:26","9834817",43.17,0,2.864,10/21/08,"13:17:18"
"7860890021929",6145,"O'Connell-Franecki","124270648",8/22/79,"22:09:01","876834",98.74,0,0.207,12/25/05,"00:13:18"
"4801471756197",6270,"Bernhard, Schaefer and Weissnat","274041896",6/8/97,"05:22:25","5052129",30.13,1,1.317,7/30/76,"09:25:27"
"2048053320339",1213,"Rice Group","127119564",6/25/90,"20:16:44","257507",50.34,1,2.26,12/15/13,"18:03:25"
"2506047778133",5852,"Lehner-Ullrich","339667088",9/3/07,"18:39:04","8493964",27.43,0,0.663,10/6/81,"02:15:36"
"4920252249715",8228,"Torphy-Padberg","750644031",11/16/71,"20:05:45","1564150",87.22,1,0.205,7/13/88,"11:57:40"
"6908772493228",5558,"Bergstrom, Lubowitz and Okuneva","61449370",12/24/81,"05:51:32","8923427",67.59,0,2.078,1/27/73,"21:15:30"
"0437310222177",4093,"Gorczany, Hodkiewicz and Walker","530599416",3/9/04,"00:41:55","6649466",57.9,1,0.965,1/28/15,"09:55:22"
"8887114886136",4932,"Rogahn and Sons","398022395",6/18/79,"04:01:14","616753",97.14,0,2.694,9/12/88,"00:29:57"
"9537550248765",4531,"Cole, Balistreri and Bahringer","579263101",4/21/71,"23:25:38","1111045",94.47,0,1.013,1/26/76,"16:53:50"
"1930647760016",2577,"Lehner, Leannon and Mayert","159047371",4/28/12,"12:13:37","2234230",12.04,1,0.532,8/6/79,"05:55:38"
"4569726814721",7726,"Cruickshank, Rath and Botsford","519913349",9/28/89,"14:40:11","7432379",95.63,1,0.361,2/22/05,"17:37:42"
"4607934372542",426,"Johns, Mayert and Mueller","833914228",6/6/01,"17:50:25","7493676",90.58,0,2.359,1/23/73,"09:32:10"
"2466180136600",1638,"Beatty, Schuster and Hudson","141360461",10/27/15,"07:11:21","9588588",25.33,1,1.29,7/10/05,"19:11:48"
"9138442338945",2531,"Berge-Schoen","726942306",5/29/72,"15:47:32","7752610",35.42,0,2.384,5/14/82,"18:50:51"
"7747704880141",5358,"Senger PLC","439587413",4/29/16,"21:41:00","4881114",56.23,0,0.336,11/23/08,"22:24:43"
"9988513367102",2650,"Durgan-Leffler","502931456",12/21/82,"15:00:27","9453244",86.26,1,1.627,8/24/02,"08:13:20"
"0994044727243",6667,"Marquardt PLC","912665638",4/5/14,"01:40:22","2659335",70.73,1,0.929,6/3/07,"08:02:23"
"9784565660192",3336,"Connelly PLC","66929054",3/10/92,"14:29:47","860473",56.4,0,0.328,9/21/85,"20:22:33"
"6627447875796",6207,"Hodkiewicz Inc","665830078",4/3/83,"17:45:08","27602",95.73,0,2.595,7/7/98,"20:46:46"
"2806456076074",7184,"Kub-Feil","939391126",9/13/93,"16:30:26","7879027",27.07,0,2.869,2/25/77,"13:42:54"
"9401330570250",8837,"Schneider, Goyette and Berge","501387964",10/21/77,"20:18:08","4531205",69.67,0,2.538,1/27/92,"00:29:23"
"5982231365284",2058,"Powlowski-Kuhic","979699385",11/20/90,"10:28:56","9320642",82.94,1,0.018,7/29/83,"02:46:37"
"3267407197352",1099,"Zemlak-Treutel","808603198",5/11/10,"17:20:38","2260388",93.36,0,2.079,3/11/04,"09:21:55"
"3456473470813",9576,"Armstrong, Schmeler and Bernier","369640263",8/27/74,"14:31:58","1317036",15.16,1,1.151,10/7/10,"04:37:32"
"4308836686714",6463,"Nolan-Deckow","612260470",4/9/10,"14:16:23","8975685",5.51,0,2.194,4/14/85,"12:05:55"
"9397057894890",3669,"Lind-Greenholt","212075291",3/17/02,"17:41:35","2291675",82.22,1,2.682,5/28/03,"14:09:18"
"5734294490381",5207,"Lueilwitz PLC","503614984",3/6/13,"22:08:07","210674",17.6,1,2.274,1/6/91,"08:16:26"
"3268655924142",7630,"Ortiz, Halvorson and Douglas","343448624",12/30/04,"00:35:16","4189672",51.52,0,0.526,9/1/01,"16:10:13"
"6893240329253",2649,"Wilkinson and Sons","356835344",10/1/98,"18:42:50","3129913",67.02,0,2.745,9/27/88,"15:31:46"
"6413309350492",8025,"Mante and Sons","717828196",7/12/83,"04:56:33","706031",9.19,1,1.646,11/7/00,"19:47:55"
"1731067160601",399,"Schumm-Keebler","932386913",12/9/15,"21:41:50","84258",97.84,1,0.072,8/1/79,"12:13:31"
"9402486237889",6447,"Sauer, Denesik and Hermiston","284815714",4/28/84,"12:29:13","1262408",94.04,0,1.159,4/28/93,"14:02:34"
"5393154324708",5362,"Tromp-Osinski","823434673",10/8/77,"13:26:24","9880855",33.15,1,2.579,7/7/03,"16:53:41"
"4761787991595",8534,"Kuhn, Ortiz and Turner","619416274",4/14/04,"10:39:02","3290352",29.46,0,1.905,9/13/15,"08:03:10"
"4117714019996",7664,"Kuhn-Durgan","414027106",10/22/83,"14:16:10","952382",90.78,0,1.043,1/30/09,"08:16:10"
"6062487451975",3454,"Schuppe-Goldner","471442887",11/3/05,"15:10:40","6913419",15.49,0,2.827,3/23/89,"23:07:17"
"6449908525186",9285,"Carter, Mraz and Cronin","545415383",1/21/80,"17:53:45","6464433",13.37,1,1.03,5/23/72,"22:03:50"
"7238290480977",1587,"Hermiston, Dooley and Toy","214412845",11/25/91,"14:36:20","9309313",60.6,0,0.697,7/25/85,"12:44:07"
"7495305494931",7008,"Von, Corkery and Sanford","580513968",10/17/89,"18:02:11","120956",48.03,1,0.57,5/29/70,"05:39:59"
"2208006109651",9941,"Huel Group","967452323",10/17/05,"18:43:44","3252041",42.16,1,0.729,10/20/96,"16:58:26"
"7041761466637",9277,"Green-Hayes","736059891",8/10/93,"23:25:41","3875029",30.95,1,2.483,11/14/97,"03:47:06"
"8131492377613",4464,"Schumm and Sons","605433879",10/13/14,"20:03:50","4714954",69.23,0,1.903,4/23/95,"13:18:37"
"9595115915784",9232,"Streich, Smitham and Goyette","397244812",2/12/91,"08:03:26","996963",22.69,0,1.833,12/30/70,"11:42:11"
"1276964479398",3454,"Ortiz, Williamson and Ruecker","64712899",8/9/82,"01:27:01","5703402",75.44,0,0.357,2/13/11,"17:00:23"
"4711492013640",3950,"Gibson, Cole and Predovic","386151559",6/7/86,"15:23:19","1018897",33.44,1,2.267,12/6/81,"02:07:10"
"6792439546095",8706,"Quigley-Heathcote","990040658",1/29/03,"07:04:54","3159612",25.45,0,1.963,8/25/79,"09:55:28"
"0337179887692",2523,"Nicolas-Hartmann","139507686",1/24/87,"06:44:56","7062173",87.39,0,1.8,11/4/07,"17:24:12"
"6513478222611",642,"Gulgowski-Baumbach","449551037",5/31/73,"07:57:03","3243326",72.24,1,2.214,3/3/90,"00:41:59"
"5074101581637",9567,"Heller, Turner and Wyman","900758064",11/18/99,"23:09:47","1452863",28.38,0,1.506,2/20/12,"15:11:44"
"2451766606670",7462,"Barrows, Bechtelar and Kshlerin","494613328",11/25/92,"16:37:58","2540730",88.93,0,2.618,5/8/78,"21:46:39"
"1969102310750",8977,"Reinger, Auer and Balistreri","755529578",11/22/87,"08:59:18","4343222",85.03,0,2.403,9/3/97,"02:49:31"
"2373951776525",1777,"Adams, Schaden and Dooley","838364609",12/1/02,"15:43:38","774707",1.18,0,2.73,1/9/08,"11:21:38"
"5450923343276",9734,"Ledner PLC","272612951",2/8/74,"05:23:16","4584576",71.37,1,0.484,5/20/00,"15:20:18"
"7571339273981",9640,"Wyman-Klein","303546619",9/19/08,"01:06:14","2775744",67.06,0,0.519,9/7/71,"18:22:19"
"3493236037155",3003,"Howell-Collins","817594742",2/24/91,"02:54:59","1892993",12.3,0,0.882,1/4/81,"05:37:09"
"1063456068168",8767,"Purdy, Bernhard and Larson","727611418",3/12/03,"08:17:31","7725912",25.96,0,0.253,5/13/82,"05:38:34"
"9254548922892",4559,"Ratke, Stark and Robel","668105263",5/9/81,"19:26:04","7042524",31.85,0,1.099,10/7/11,"00:36:32"
"4812491842945",2386,"Lueilwitz, Spencer and Rice","845131063",4/28/99,"04:09:15","1115093",37.47,0,0.148,7/20/96,"08:27:49"
"0866694190899",9347,"Becker Inc","684713094",4/5/70,"15:21:33","6477713",92.3,1,0.174,6/12/79,"08:14:57"
"7442224010665",2688,"Lynch-Roob","893857582",5/20/76,"14:11:16","9435351",21.75,0,1.333,8/27/88,"18:15:21"
"0414998191212",4868,"Towne, Monahan and Hessel","80326036",6/15/06,"05:09:30","6516858",7.03,0,2.981,7/27/12,"06:34:50"
"1717015991197",7353,"Streich-Swift","509935577",1/24/70,"22:39:35","167854",23.52,1,1.445,11/11/91,"18:30:51"
"7331025747658",5396,"Kuhic, Harvey and Schultz","621900879",11/30/14,"19:41:48","735420",19.66,1,1.14,5/5/99,"23:26:53"
"0655344888624",4515,"Braun-Macejkovic","800963896",1/12/90,"12:54:40","37116",85.88,0,2.049,9/27/81,"07:50:21"
"5134226136701",54,"Parker, Steuber and Heidenreich","297773643",3/16/83,"14:49:20","9719766",44.33,0,2.356,7/10/72,"03:04:39"
"7396533512576",3030,"Adams-Jacobs","763768556",10/13/81,"10:47:38","8449216",15.54,1,2.343,5/23/95,"02:04:51"
"2201436249251",7109,"Walsh, Kirlin and Hane","967885252",6/1/80,"01:11:08","8426088",10.39,1,1.76,10/26/04,"02:58:53"
"1729334512359",3524,"Lehner-Jacobi","453576076",10/12/00,"06:19:19","2410912",45.89,0,1.567,2/28/78,"01:46:34"
"0772665751382",9571,"Lebsack, Larson and Stokes","232502365",12/7/10,"11:06:20","2010514",27.51,0,2.044,1/4/97,"16:47:27"
"5547008906782",7350,"Hills-Kassulke","338159486",4/14/91,"02:57:39","2877842",32.77,1,2.45,3/4/91,"14:32:00"
"2059305210907",2171,"Mayert, Hansen and Cummings","595290919",6/7/94,"12:21:38","3700551",61.85,1,1.921,9/19/06,"10:25:04"
"7562030486570",9442,"Kling, Schowalter and Predovic","484257022",2/10/03,"04:02:22","888336",89.06,1,0.222,1/25/07,"22:54:24"
"1149583750066",5613,"Gerlach-Hintz","943698646",9/10/15,"00:53:20","8052870",89.07,1,1.93,9/26/03,"07:11:47"
"4885445670657",4033,"Trantow-Hettinger","526264514",10/29/12,"17:41:16","5737846",14.13,1,0.392,7/20/86,"00:55:31"
"0732452003941",4225,"Schultz, Dickinson and King","172508557",10/9/88,"15:15:02","4254120",6.89,1,0,9/3/86,"03:39:42"
"2268841434713",6292,"Morissette, Parker and Koepp","385784633",8/29/01,"11:02:59","412524",42.34,0,2.34,10/1/73,"18:46:56"
"8505620073228",2142,"Corwin-Huel","824306734",5/23/77,"07:07:24","6616459",87.63,1,0.574,10/6/07,"04:43:30"
"0771426343202",9039,"Larkin-Crist","532962150",5/5/80,"01:13:32","1601125",1.86,1,2.72,11/19/00,"02:12:00"
"0865508436715",5889,"Schumm Ltd","113195452",5/28/14,"14:00:00","7364385",15.34,0,1.347,7/9/94,"06:25:17"
"1616981585193",7386,"O'Hara-Wehner","88651720",2/3/11,"10:20:48","1195081",29.12,0,2.612,11/1/12,"20:35:04"
"2056894850978",3548,"Auer, Nader and Bernier","730044722",3/9/02,"07:24:32","9749741",29.2,0,1.599,2/21/99,"09:10:20"
"4562718751304",1335,"Rodriguez-Willms","974414592",11/23/13,"02:27:31","3287134",66.94,1,2.026,5/3/90,"14:38:17"
"0391058118254",7437,"Dach Ltd","959739887",8/20/70,"09:14:24","653238",91.7,1,2.841,9/18/15,"10:40:23"
"0416892080908",6694,"Torp-Jacobi","313422662",5/18/99,"18:52:12","7861216",32.13,0,2.572,6/26/14,"18:33:49"
"2565947660770",8849,"Grady Inc","650629294",2/19/15,"04:49:31","1103409",37.04,1,2.453,12/14/02,"15:44:20"
"4045303380154",4722,"White LLC","854977060",12/6/84,"14:25:15","8228856",56.81,1,1.21,2/13/02,"19:04:08"
"9501771971544",1686,"Lubowitz, Hegmann and Wolff","676244078",7/29/06,"11:09:38","2894479",76.83,0,0.752,8/15/06,"05:03:34"
"2256162317935",3617,"Stanton, Bailey and Kunze","322929582",5/20/15,"02:40:45","5631104",93.23,0,2.582,1/24/79,"21:14:03"
"9253368998388",9450,"Beatty LLC","895939519",2/25/16,"12:50:43","9053619",60.86,0,1.452,10/30/74,"00:37:40"
"6421412557243",3849,"Howell, Langworth and Borer","48500387",12/10/00,"17:36:49","1802056",97.67,0,2.982,5/12/06,"20:07:50"
"8574427688979",6330,"Davis PLC","381228799",4/19/93,"10:40:50","6878057",66.55,1,1.92,8/31/13,"12:42:20"
"3546401743886",8845,"Kulas, Kub and Dietrich","659174421",12/22/96,"11:59:23","9659513",10.67,1,0.086,9/23/94,"15:28:28"
"0668288530807",1133,"Funk-Doyle","454956628",4/21/05,"10:17:15","4520132",17.15,1,1.836,5/8/15,"15:25:14"
"3921890984630",4095,"Prosacco and Sons","135002240",2/15/03,"22:18:50","2130896",21.63,1,1.652,2/1/73,"04:19:35"
"5063640495902",5453,"Marks-Bradtke","786315737",2/12/08,"07:30:00","9554557",65.33,1,1.108,9/26/07,"09:38:46"
"4695058734105",2755,"Botsford, Bernier and Olson","515836593",10/10/81,"23:41:14","4841966",59.69,0,0.277,3/31/93,"07:47:23"
"1183622299168",2986,"Larkin Ltd","957402894",6/24/99,"04:45:06","4783497",64.67,1,2.94,8/14/16,"22:47:08"
"5339293131428",3066,"Moen and Sons","325799217",10/10/72,"23:14:49","8215862",65.34,1,1.806,11/22/89,"17:35:26"
"9258598073942",2599,"Lowe, Hessel and Koelpin","778368934",3/24/78,"01:26:45","7462653",82.11,1,0.624,1/31/08,"09:45:25"
"7416921819441",2188,"Bosco Group","925119454",5/9/87,"08:32:47","7688318",69.92,1,0.717,7/14/73,"01:35:15"
"6660510946241",3213,"Cummings, Johns and Oberbrunner","773501555",5/6/02,"20:00:04","5440261",56.09,1,2.222,12/4/88,"00:27:26"
"1339904030332",2201,"Davis Inc","265425139",7/10/14,"06:09:23","9341124",72.15,0,0.9,6/20/75,"15:15:29"
"1926451744698",6923,"Goyette, Sipes and Bernier","410854935",2/20/12,"21:44:39","9573505",93.1,1,0.83,11/26/93,"00:44:04"
"7687258912505",9994,"Pfeffer, Zulauf and Upton","243999666",7/3/88,"18:03:07","5772123",24.25,0,0.641,7/29/72,"20:54:11"
"5230581760200",1695,"Hermann PLC","454669170",5/7/10,"20:45:50","2961120",79.63,1,2.938,10/2/85,"20:32:52"
"9874541585025",5896,"Kub, Rowe and Conn","955820830",5/17/14,"02:34:12","2166991",3.09,1,0.744,12/10/70,"13:22:47"
"1570923433451",119,"Flatley, Borer and Moore","608967225",5/23/97,"19:04:11","8080761",89.48,1,2.744,7/25/80,"07:20:41"
"7122711670429",6252,"Kuvalis Inc","273448529",9/20/98,"19:50:52","4684804",84.69,0,2.361,10/23/72,"04:26:01"
"7219396140819",9476,"Kemmer-Price","951257428",4/1/04,"07:57:40","2447423",93.56,1,2.101,2/25/72,"13:59:25"
"5758399670259",8595,"Bailey-Lockman","183114878",4/1/08,"07:18:32","5316246",60.39,1,2.253,5/26/73,"19:54:55"
"6426289460812",3386,"Fadel, Heidenreich and Kuhic","634373867",9/30/02,"18:50:50","638629",63.42,1,1.535,1/4/97,"09:26:29"
"2838037114539",4191,"Bergstrom, Cremin and Lehner","623029787",10/17/15,"18:54:41","1001018",29.13,1,0.026,1/19/89,"06:16:50"
"7601634443558",4680,"Stoltenberg, Sawayn and Kihn","816230147",3/10/81,"14:54:49","9894676",8.78,1,0.816,7/15/88,"15:41:43"
"5533259529265",2423,"Sawayn-Kuhlman","757374845",7/9/96,"15:00:05","1978640",53.01,1,1.193,11/14/77,"09:11:11"
"8976103488640",1987,"Smith, Zieme and Bernhard","136826094",8/9/90,"18:43:37","3157105",5.07,1,1.669,12/24/87,"19:28:39"
"8640296255916",7296,"Zemlak-Hammes","733074213",8/2/92,"15:43:21","8616441",43.59,0,2.375,9/28/14,"08:36:02"
"9578277289889",5384,"Strosin, Wolf and Ryan","994404869",4/19/04,"18:48:17","8052482",17.93,1,0.308,12/7/94,"06:22:37"
"6604091344834",2669,"McGlynn and Sons","736069078",8/13/73,"17:24:56","3810611",1.81,0,1.106,2/7/91,"07:52:45"
"1919314577727",4662,"Carter-Bartell","504831335",9/21/05,"23:36:45","4631229",23.41,0,1.121,5/13/10,"06:43:42"
"8067746415863",6187,"Mayer and Sons","932730197",1/19/12,"19:39:39","1648948",17.67,0,2.745,6/1/89,"18:32:16"
"0839568484918",6980,"Bashirian, Ritchie and Hudson","361771539",8/25/75,"22:23:47","6677941",70.84,1,1.843,3/1/75,"09:32:55"
"2226747472971",224,"Collier LLC","903611068",12/29/13,"07:37:52","3894946",63.8,1,0.949,9/7/95,"22:58:25"
"8909746959984",1447,"Leuschke Inc","452147279",12/4/78,"05:47:36","4406413",87.92,1,1.879,8/15/77,"22:33:44"
"8950869457804",5583,"Schuppe Ltd","325652081",11/22/81,"13:56:31","941384",83.17,1,2.23,8/22/85,"09:48:01"
"6860172132917",1604,"Sawayn-Volkman","226393388",7/2/96,"09:53:50","6418461",36.41,0,1.395,8/26/03,"01:08:26"
"9984281070129",6544,"Nikolaus-Harris","340263674",10/25/81,"17:50:30","7895165",20.03,1,1.086,10/18/83,"21:46:30"
"6743447747320",8771,"Considine-Wehner","452749632",2/16/72,"23:22:43","2310607",31.12,1,2.467,12/29/93,"16:57:45"
"9908516718103",5817,"Bernier, Fisher and Beahan","25390554",1/29/07,"20:25:31","4672877",68.74,0,2.936,2/28/12,"19:07:34"
"8825725721306",7371,"Toy Group","336485031",8/18/05,"01:04:16","5540552",69.87,1,2.714,11/9/77,"11:44:35"
"3189237145561",5206,"Paucek LLC","592442798",9/8/88,"13:06:27","7831860",71.5,0,0.85,9/8/88,"02:13:34"
"3938561631953",4113,"Koch Inc","420569146",3/30/88,"03:26:10","7770363",4.44,0,0.425,9/1/73,"14:31:18"
"6727705414674",1750,"Bashirian LLC","599983997",10/24/08,"02:51:19","7188707",1.91,0,2.81,8/12/09,"14:27:17"
"7923152754677",3102,"Nikolaus Group","280852312",6/21/79,"12:30:42","4334233",25.35,0,1.806,11/30/06,"12:00:39"
"6911102015844",6146,"Stark-Ernser","631808320",4/5/85,"19:01:39","4320305",8.87,1,0.087,5/4/10,"10:14:14"
"2280343089379",9662,"Purdy-McDermott","862646491",5/10/09,"00:08:33","9536366",39.21,0,0.761,1/23/04,"01:46:58"
"1459036726325",5598,"Will, Lueilwitz and Ratke","921203884",11/12/78,"17:51:55","753438",28.48,1,0.289,9/14/74,"05:56:39"
"7304966852546",7800,"Boehm, Deckow and Kuhic","564754686",6/17/12,"21:27:55","6844514",61.29,1,0.55,3/7/10,"15:07:21"
"6074483776129",1282,"Ryan LLC","263696710",12/3/82,"07:24:59","3386754",22.29,1,1.192,1/15/96,"14:06:03"
"3707167423213",1912,"Schiller LLC","266535245",5/30/94,"01:13:54","9051772",94.35,1,0.134,10/3/73,"16:20:09"
"7930848409942",6055,"Heathcote and Sons","689445214",9/20/73,"00:22:28","4632762",38.71,1,0.589,2/21/15,"21:23:43"
"1103267088439",3842,"Lesch and Sons","177865750",6/23/99,"16:16:18","4507159",54.29,1,0.579,5/24/85,"10:43:30"
"1835155776476",8668,"Corwin PLC","213201903",4/17/07,"20:38:11","9992645",59.14,0,2.882,1/27/03,"04:10:46"
"0515745357740",1569,"Muller and Sons","928388698",4/13/96,"19:14:19","1155050",90.87,1,0.208,12/12/03,"22:30:03"
"0409197906209",1827,"Rice-Greenfelder","199201317",5/7/70,"14:46:37","3842789",77.89,0,0.677,1/28/86,"07:34:24"
